2956 5168
83 189 127 248 211
507 182 593 246 CAP.
616 183 638 243 l.
682 182 736 244 nu
758 183 879 258 ANNI),

173 359 287 419 Sennis
306 357 398 436 igitur
419 357 511 417 totius
533 355 687 417 commutis
708 353 760 414 hio
780 360 844 417 ests
870 354 984 428 Iesum,
1006 372 1096 433 quern
1116 356 1233 435 ouigrss
1242 324 1312 438 {tro

91 443 215 525 Iosepbi
234 443 307 523 filio
328 440 481 512 babuerit,
503 459 602 501 annos
624 440 702 518 fere
723 441 857 519 triginta
876 448 1008 512 tanturn,
1031 441 1062 519 id
1084 447 1141 516 est,
1162 442 1311 502 rnoebrem

89 530 178 588 annis
198 525 301 600 XXV,
314 526 460 586 ntinorem
482 527 572 585 annis
587 521 722 597 XXXV,
738 523 867 585 docendi
884 544 997 585 nunnus
1016 527 1210 605 auspicatione
1232 546 1310 587 esse.

89 614 154 674 Nec
175 614 228 672 diu
246 619 316 692 post
335 611 523 689 baptismum,
544 609 588 669 uti
609 629 647 669 ex
667 608 734 669 Act.
755 609 779 684 I,
801 608 852 669 22.
874 610 970 690 liquet
987 605 1030 693 ο),
1052 611 1163 688 primos
1182 612 1312 672 edscivit

90 697 262 777 discipulos,
283 696 362 775 quod
385 696 505 773 quidem
526 696 622 774 ipsum
643 695 727 755 brevi
746 700 817 755 tute
836 697 949 774 pasche
968 695 1080 755 fectum
1102 715 1186 770 esse,
1208 716 1227 755 e
1248 696 1313 757 col-

89 783 159 843 latis
180 782 254 842 Iocis
274 780 317 840 lo.
340 781 369 854 l,
391 778 434 839 31)
455 799 521 859 sqq.
562 778 791 854 2,1.12.1t
824 779 991 860 colligitur3
1010 774 1014 780 ’
1031 779 1111 839 unde
1131 779 1229 840 Iesum
1250 798 1313 841 ιιοιι

88 870 130 927 ite
151 865 244 926 multo
263 871 332 925 unte
365 884 535 942 azymorum
568 863 679 923 festtun
699 864 736 923 ad
757 883 862 925 munus
884 865 1052 925 obeundum
1073 866 1221 925 initietum
1240 883 1314 927 esse

89 953 232 1030 sequitur.
277 949 375 1025 Quum
396 968 469 1009 tero
491 947 629 1009 Christus
649 953 719 1008 unte
740 949 852 1027 psscbo
872 950 941 1010 antri
954 949 992 1008 U.
1011 948 1045 1008 G.
1069 949 1132 1010 151)
1152 956 1238 1010 natus
1260 951 1314 1025 sit,

88 1038 217 1116 primum
237 1040 337 1096 tutem
357 1033 474 1094 Ioannis
504 1035 563 1093 ism
584 1032 715 1093 doctoris
744 1033 855 1112 pescbu
876 1052 952 1095 enno
974 1034 1037 1094 182
1057 1041 1225 1113 competat:
1258 1054 1314 1113 op-

31 1120 38 1143 '
88 1127 190 1200 paret,
218 1119 318 1179 lesum
347 1137 407 1178 nou
437 1118 520 1197 prius
541 1137 612 1178 esse
632 1118 831 1196 baptizatum,
864 1138 951 1197 quem
972 1138 1051 1178 anno
1071 1121 1176 1180 eetetis
1198 1118 1314 1179 XXXII

89 1206 157 1265 fere
177 1202 309 1283 expleto,
330 1202 379 1264 rel
397 1203 482 1262 initio
502 1204 572 1263 unni
592 1200 727 1262 XXXIII.
791 1203 852 1262 lum
873 1223 912 1263 ex
933 1203 985 1277 iis,
1015 1223 1090 1282 quae
1118 1223 1206 1283 supra
1235 1204 1314 1265 dixi-

90 1308 167 1362 mus,
187 1288 255 1348 luce
276 1288 385 1348 clarius
407 1307 476 1347 esse
497 1288 634 1362 arbitror,
654 1293 768 1347 tuntum
789 1289 905 1362 abesse,
926 1294 970 1362 ut,
992 1290 1042 1367 qni
1062 1289 1151 1349 istam
1170 1296 1238 1367 ngat
1261 1308 1314 1348 se·

90 1381 193 1447 tatem,
214 1374 241 1432 is
256 1365 339 1437 ὡσεὶ
358 1363 538 1457 τριάκοντα
560 1364 617 1455 ἔτη
639 1377 724 1432 natus
747 1373 806 1432 dici
827 1379 964 1452 nequeat,
986 1379 1020 1433 ut
1039 1392 1096 1451 per
1116 1373 1193 1432 hanc
1212 1374 1316 1452 ipsum

89 1457 247 1517 formulam
275 1457 314 1516 de
343 1458 455 1517 maiore
483 1457 558 1517 adeo
585 1463 684 1517 aetate
711 1457 861 1536 cogitare,
901 1464 991 1536 atque
1019 1456 1088 1517 lesu
1115 1457 1200 1516 initio
1225 1458 1314 1518 annis

91 1537 715 1623 comssaettssu(tcet31a.lt.)
748 1543 881 1602 tribuere
900 1541 1009 1616 liceat;
1053 1541 1198 1622 quibus
1239 1550 1314 1601 tu-

91 1646 184 1686 men
216 1627 444 1706 quominus
478 1626 704 1686 nonus'itib
725 1623 782 1710 (32
804 1645 833 1685 σ.
854 1625 895 1685 D.
925 1625 1137 1703 addatur,
1175 1627 1316 1706 impe-

90 1710 156 1770 dit
186 1711 283 1784 boc,
316 1710 540 1792 quodiam
569 1711 695 1771 Iesus
732 1711 781 1771 nel
808 1729 889 1769 anno
911 1708 1315 1790 XXXerreadJinem

85 1794 250 1875 perducto,
274 1797 322 1859 nei
343 1796 484 1856 inobonto
505 1813 587 1856 anno
609 1792 763 1866 XXXVI,
784 1796 798 1853 i
805 1813 866 1853 am
888 1794 1011 1875 longi
1018 1814 1067 1855 us
1087 1794 1132 1853 ab
1154 1813 1182 1854 σ.
1204 1792 1314 1867 XXX,

121 1899 215 1940 uam
241 1880 339 1940 aba.
362 1879 421 1940 XL
442 1886 652 1954 remotus,
686 1898 792 1960 ergo
813 1870 925 1942 ὡσεὶ
950 1872 1314 1965 τεσσαράκοντα

91 1963 430 2043 εοιῦνιίίοονιιίσιε
453 1965 640 2043 fnisset.
1120 1970 1123 1975 '

94 2043 101 2065 “
176 2051 260 2127 Quae
286 2050 358 2109 ve'ro
385 2067 441 2129 per
461 2048 618 2108 formulam
645 2039 727 2111 ὡσεὶ
747 2041 927 2133 τριάκοντα
949 2044 1030 2112 ἑνῶν
1051 2051 1082 2110 in
1103 2051 1314 2111 constituendo

91 2136 168 2208 Iesu,
190 2133 228 2193 ed
248 2153 354 2194 munus
375 2134 556 2207 accedentis,
577 2139 676 2205 aetqte
696 2134 870 2212 ambiguitas
892 2133 1083 2214 relinquitur,
1112 2155 1148 2195 ea
1168 2142 1201 2193 ut
1222 2134 1314 2196 tolle·

91 2227 192 2293 retur,
223 2219 389 2298 quaesitum
411 2227 458 2279 est
478 2217 517 2278 de
537 2219 592 2278 illc
615 2219 761 2299 temporis
781 2220 880 2300 qratia
886 2262 896 2290 ,
927 2218 1008 2298 quod
1026 2220 1111 2279 inter
1133 2219 1257 2278 Ioannis
1280 2226 1314 2280 et

93 2304 165 2363 Iesu
189 2304 306 2383 primos
334 2304 547 2384 praecipiendi
574 2309 703 2364 conatus
731 2304 942 2364 intercessisse
973 2303 1130 2386 probabile
1161 2304 1213 2364 sit.
1266 2304 1314 2365 Ac

93 2388 347 2466 Sptnbcmius
367 2384 397 2470 ⁰)
430 2389 548 2467 quidem
578 2389 618 2447 de
645 2388 812 2447 intervallo
837 2389 978 2469 plurium
1007 2408 1159 2448 annorum
1189 2388 1313 2468 cogitet,

93 2474 161 2552 quin
181 2472 315 2545 loannes,
337 2475 501 2552 peragratis
524 2473 674 2546 omnibus,
696 2492 771 2551 quac
793 2472 909 2532 iordani
930 2474 1083 2548 adiacent,
1104 2473 1194 2547 locis,
1231 2474 1314 2534 omui

90 2557 159 2616 ie're
179 2557 289 2636 populo
309 2558 368 2616 iam
387 2557 546 2635 baptizato,
569 2554 656 2639 (Luc.
672 2557 703 2629 3,
720 2557 818 2635 iisqq.
834 2557 886 2617 21.
908 2557 964 2617 Mt.
976 2557 1043 2632 &5
1059 2579 1124 2638 sqq.
1140 2558 1202 2617 Mc.
1216 2558 1247 2630 l,
1263 2551 1313 2640 b.)

91 2650 153 2702 tum
174 2642 302 2716 demum,
322 2633 369 2715 ὡς
390 2634 538 2727 ἐπλήρου
559 2637 617 2704 τὸν
638 2633 763 2726 δρόμον
785 2639 867 2724 (Act.
882 2642 933 2717 13,
954 2643 1005 2703 24.
1023 2640 1099 2723 2⁵),
1121 2645 1141 2703 i.
1153 2663 1194 2716 e.,
1216 2642 1315 2723 Span-

87 2727 193 2787 bemio
219 2727 399 2804 interprete,
428 2747 537 2805 „quum
564 2726 748 2805 implevisset
768 2760 811 2769 —
833 2746 952 2787 cursum
978 2729 1134 2789 ministerii
1163 2728 1225 2802 sui,
1255 2745 1314 2788 seu

92 2830 188 2891 prope
218 2817 316 2884 esset,
346 2818 380 2871 ut
413 2812 585 2891 expleret,“
621 2811 726 2871 lesum.
749 2831 834 2870 sucro
862 2811 978 2872 lavacro
1010 2813 1144 2873 initiasse
1164 2812 1311 2874 trudetur.

93 2896 155 2955 Sed
176 2915 216 2954 ne
235 2900 396 2973 potnerunt
416 2897 536 2975 quidem
566 2897 780 2975 evangelistae,
810 2897 867 2956 nisi
896 2897 922 2957 si
950 2896 1091 2957 chronica
1122 2899 1315 2959 conscribere

92 2980 307 3053 instituissent,
339 2998 390 3040 res
421 2981 479 3040 aiio
501 3000 622 3041 uerrere
650 2981 771 3055 ordine,
808 3001 896 3060 quam
922 2989 954 3042 ut
983 3001 1077 3061 peuce
1105 2981 1145 3042 de
1172 2982 1315 3042 universe

94 3065 210 3124 loannis
238 3065 347 3142 agendi
372 3064 558 3145 docendique
586 3067 702 3125 ratione
729 3067 967 3144 praemitterent,
1000 3071 1156 3144 antequem
1184 3067 1223 3125 de
1244 3066 1315 3126 lesu

94 3149 131 3208 ab
153 3168 190 3209 eo
211 3149 359 3230 baptizato
379 3150 469 3208 verbs
488 3149 634 3210 fecerent.
677 3149 725 3208 An
746 3149 876 3210 fortasse
898 3156 954 3223 est,
976 3153 1027 3230 qui
1039 3151 1136 3211 iesum
1149 3151 1186 3210 ab
1202 3150 1316 3211 Iounne

93 3233 240 3294 initiatum
273 3233 390 3308 credat,
418 3240 574 3312 postquem
600 3236 627 3294 is
654 3235 685 3294 in
705 3233 820 3294 vincula
842 3226 907 3295 eret
928 3237 1094 3310 coniectus,
1124 3237 1193 3314 quio
1213 3233 1315 3297 Lucus

94 3318 134 3376 de
155 3338 191 3378 ea
212 3338 246 3378 re
267 3323 345 3391 ente,
366 3337 453 3396 quam
475 3318 514 3377 de
534 3339 619 3378 sacro
639 3318 691 3378 illo
712 3321 786 3392 ritu,
814 3317 929 3379 locutus
957 3326 1004 3381 est
1025 3317 1112 3402 (Luc.
1133 3321 1164 3394 3,
1187 3321 1238 3381 19.
1260 3320 1314 3381 20.

95 3401 144 3460 cll.
165 3403 216 3462 21.
238 3399 305 3484 22.)
321 3398 378 3483 P)'i
420 3403 465 3462 Ac
486 3421 584 3463 nonne
604 3403 701 3464 Lucas
723 3405 789 3483 ipse
806 3402 906 3463 lesum
926 3423 985 3464 non
1006 3400 1105 3482 μετὰ
1126 3399 1165 3466 τὸ
1186 3405 1314 3485 βαπτι-

95 3487 232 3568 σθῆναι,
256 3487 309 3546 sed
339 3482 378 3549 ἐν
407 3487 456 3570 uqi
483 3488 719 3572 βαπτισθῆναι
748 3481 881 3550 ἅπαντα
910 3483 968 3551 τὸν
1000 3485 1082 3551 λαὸν
1113 3488 1229 3549 lordani
1258 3491 1315 3550 im-

95 3589 226 3631 mersum
248 3590 316 3630 esse
337 3573 459 3632 narrati
501 3571 601 3634 Verbo
621 3579 734 3633 autem:
764 3565 810 3648 ὡς
836 3566 987 3660 ἐπλήρου
1011 3569 1069 3636 τὸν
1091 3565 1231 3659 δρόμον,
1254 3573 1313 3635 boc

94 3788 296 3801 ———

162 3939 285 4020 διἰιοι),ζ
311 3958 366 4010 quo
397 3952 517 4010 tempore
540 3940 759 3993 consuetudinem
780 3941 856 3993 illem
878 3940 966 3994 adbuc
982 3941 1072 4012 vigere
1089 3940 1241 4012 oportebat,
1258 3959 1315 4060 po·

162 4009 230 4057 tius:
266 4025 302 4066 ως
336 4009 545 4078 νομίζεται,
586 4027 681 4076 quam:
718 4004 755 4067 ὡς
794 4008 1005 4080 ἐνομίζετο,
1039 4009 1155 4061 scribere
1189 4008 1257 4060 debe

164 4077 194 4139 n)
211 4075 318 4126 Etenim
341 4074 376 4125 ad
402 4075 562 4126 vocobulum
581 4073 734 4192 oipiqiptevos
751 4094 784 4127 ex
801 4078 852 4141 iis,
880 4095 950 4147 quae
971 4087 1184 4129 antecesserunts
1202 4077 1316 4142 εἰσῆλθε

162 4142 210 4192 καὶ
226 4141 340 4208 ἐξῆλθεν
357 4138 400 4212 ἐφ’
421 4137 504 4212 ἡμᾶς,
521 4154 632 4213 repeten
654 4162 668 4192 a
686 4154 763 4197 sunt:
782 4145 955 4212 εἰσέρχεσθον
970 4145 1018 4195 καὶ
1034 4144 1201 4216 ἔξέρχεσθαι.
1219 4145 1316 4214 Itaque

162 4209 189 4262 h.
207 4209 228 4259 l.
245 4211 363 4279 primum
385 4212 444 4261 Iesu
467 4228 528 4262 cum
553 4211 693 4280 discipulis
719 4215 906 4270 commercium
930 4224 985 4264 tam
1008 4224 1081 4264 arcte
1107 4231 1168 4263 cum
1186 4213 1242 4263 eius
1259 4211 1315 4263 ba-

162 4279 260 4345 ptismo
283 4280 467 4343 connectitur,
494 4290 525 4328 ut
547 4291 686 4348 appareat,
720 4278 764 4330 rel
790 4291 931 4349 utramque
953 4298 1011 4331 rem
1032 4282 1061 4329 in
1084 4299 1169 4329 unum
1185 4277 1316 4349 idemque

163 4355 270 4414 tempus
293 4344 433 4410 incidisse,
467 4345 511 4396 vel
532 4346 643 4397 alteram
669 4358 746 4414 certe
763 4347 797 4397 ab
820 4347 903 4398 altera
925 4351 1048 4416 proxime
1073 4359 1202 4398 remotam
1220 4345 1317 4401 initas·

163 4412 246 4476 Haec,
265 4431 345 4481 quem
362 4413 458 4464 ultimo
474 4413 536 4464 loco
552 4417 640 4483 posui,
658 4416 788 4465 sententia
807 4434 889 4484 quum
906 4434 956 4485 per
973 4434 1018 4480 se,
1036 4426 1095 4465 tum
1111 4425 1221 4485 propter
1237 4413 1317 4467 locos

162 4478 217 4528 Mt.
235 4477 262 4543 4,
281 4483 295 4530 1
314 4498 325 4531 s
347 4499 374 4561 q.
407 4481 620 4550 Mo.1,12sq.
654 4481 721 4535 Luc.
739 4482 767 4546 4,
786 4485 798 4531 1
818 4500 877 4551 sqq.
895 4501 944 4564 pro
964 4483 1006 4534 ius
1023 4483 1064 4533 ad,
1074 4484 1213 4535 veritatem
1231 4500 1318 4533 aoce-

164 4545 215 4596 dit.
284 4499 409 4617 o)ii1sq.
437 4547 556 4599 chronol.
583 4547 617 4599 de
643 4566 713 4599 anno
737 4552 917 4602 conversionis
941 4502 1020 4601 isaii
1068 4553 1099 4601 in
1116 4549 1231 4603 disserti.
1250 4549 1318 4605 hist.

1279 4021 1314 4062 ai.

164 4618 314 4681 argumenti
332 4617 524 4685 quaternione,
543 4615 628 4684 Lugd.
647 4617 706 4667 Bet.
726 4616 810 4681 1679,
844 4635 890 4669 no.
909 4619 942 4680 li,
960 4637 987 4687 p·
1008 4587 1058 4671 121
1075 4635 1135 4687 sqq.
1218 4618 1253 4684 p)
1272 4617 1318 4673 cf.

163 4682 354 4750 Stenius,
386 4682 454 4736 iiber
476 4683 530 4736 den
555 4683 659 4738 Zweck
681 4682 730 4738 der
754 4702 847 4754 evang.
865 4684 1022 4739 Gesohicbte
1055 4685 1111 4739 Iob.
1133 4704 1161 4757 p.
1185 4683 1236 4740 295
1253 4701 1318 4756 sqq.
