2956 5168
132 251 195 313 rso
399 245 486 311 car.
499 245 551 311 ιν.
576 244 632 309 us
652 216 917 309 rausouuus
936 242 1087 309 uenum

132 420 254 504 quidem
275 419 393 495 Lucas,
424 416 551 479 dirersis
571 434 644 478 nsua
664 417 696 479 in
716 417 903 477 comexsnds
929 416 987 478 hac
1006 417 1134 479 historia
1155 416 1356 496 lontihns,in

132 510 192 569 duo
213 502 412 585 dispescuerlt
430 503 545 563 itinera
589 501 677 578 Quod
697 503 725 562 sl
744 503 875 581 ponitur,
896 500 967 561 illud
989 521 1109 582 qnoque
1129 505 1357 567 cenedendnnr

133 600 190 666 est,
210 592 268 652 iter
290 588 356 649 Act.
377 605 422 647 cc.
444 587 495 647 ltt
516 592 549 647 et
569 586 621 646 14.
642 586 782 647 traditum
803 604 861 646 non
882 584 1007 647 dilierre
1026 588 1065 647 ah
1087 605 1136 662 eo,
1159 589 1203 650 de
1225 609 1284 669 qno
1303 591 1355 667 lo,

132 674 284 749 tl-lo‚
304 672 336 733 5.
363 672 455 731 verha
476 672 560 731 liunt.
603 671 667 730 Sed
687 677 773 731 muts
790 677 840 731 est
860 689 974 745 eornm,
996 691 1077 752 pase
1092 672 1122 732 ln
1147 672 1199 734 his
1222 676 1356 755 peregri·

132 761 300 823 nationibus
322 757 469 817 accidisse
489 763 663 829 canantur,
683 756 884 835 discrepantia
904 752 1003 838 (uam,
1023 764 1057 818 nt
1076 776 1175 837 pauca
1196 759 1356 822 mennas

133 845 288 924 exemplo,
314 843 345 902 in
373 840 468 902 altero
494 842 601 901 itinere
627 839 711 899 Pauli
737 840 860 901 comites
881 840 1034 902 Barnabas
1059 849 1093 902 et
1112 841 1242 904 Marcus
1263 843 1356 907 fu'ue

133 932 282 998 dicamur,
303 926 339 987 iu·
355 926 451 987 attero
472 924 551 987 Silas
575 932 608 987 ct
619 922 814 1001 Timotheum
834 924 909 985 nihil
920 944 1047 1005 prorsus
1060 944 1223 991 commune
1236 927 1355 1005 hahent,

25 1070 29 1091 ,
132 1034 211 1096 quae
232 1011 283 1088 lh
303 1010 356 1073 41.
377 1018 409 1072 et
429 1028 507 1089 quae
527 1008 579 1084 18,
599 1009 728 1083 4-11,
748 1010 779 1069 d
805 1009 963 1089 leguntur,
984 1018 1017 1071 et
1037 1031 1068 1090 q.
1091 1029 1116 1070 s.
1139 1008 1235 1095 rei),
1266 1020 1355 1088 muta,

131 1102 261 1179 inquam,
274 1098 306 1159 in
318 1096 370 1156 his
382 1101 431 1157 eat
443 1094 654 1174 discrepantis,
667 1113 743 1172 qnae
755 1093 836 1154 nullo
849 1093 939 1155 modo
960 1114 1028 1157 cnm
1042 1095 1083 1157 de
1095 1092 1214 1158 Wettlo
1235 1117 1257 1159 ι
1276 1117 1354 1159 mera

132 1181 313 1264 negligentia
335 1178 462 1241 derivari
482 1185 581 1258 queat.
636 1176 807 1254 Praeterea
828 1198 906 1259 quae
927 1178 1044 1255 lete
1065 1181 1119 1256 lo,
1141 1178 1241 1241 l—h.
1264 1201 1354 1265 eapo-

132 1272 190 1331 sito
210 1274 290 1340 suut,
310 1283 352 1325 ne
369 1271 510 1344 poterant
523 1262 644 1342 qnldena
658 1264 788 1339 evenire,
808 1264 866 1325 uisi
879 1266 1127 1338 antecessissent,
1142 1284 1228 1347 qnae
1242 1266 1293 1343 18,
1307 1267 1353 1328 12

134 1354 184 1428 14,
201 1354 304 1430 lisqq.
325 1348 486 1409 mernoriae
507 1348 680 1427 produntur.
722 1348 938 1410 Ammonius
957 1348 988 1433 s)
1010 1349 1141 1431 deniqne
1161 1357 1218 1411 ant
1238 1370 1351 1413 omnem

131 1438 172 1499 de
193 1456 230 1498 eo
250 1436 369 1507 itinere,
390 1432 472 1512 quod
492 1432 526 1510 P,
547 1452 616 1493 cnm
636 1451 725 1495 erasm
741 1433 930 1494 Antiocheno
951 1436 1128 1516 susceperit,
1151 1437 1350 1497 narrationem

131 1524 170 1585 ab
191 1538 297 1585 errore
317 1517 472 1598 scriptoris
492 1517 697 1597 repetendam,
716 1523 767 1578 ant
785 1519 828 1579 ita
847 1519 1036 1580 statuendum
1049 1520 1213 1596 existimat,
1235 1518 1349 1583 Paulum

131 1607 310 1669 discessione
331 1603 451 1684 quidem
471 1602 639 1679 Antiochia,
659 1610 694 1663 ut
713 1622 781 1663 cum
803 1602 936 1665 ansha
955 1605 1097 1685 pecunias
1118 1605 1189 1667 illas
1209 1604 1349 1669 Hieroso-

131 1692 211 1773 lyme
232 1691 337 1763 terret,
358 1688 414 1750 sed
435 1687 619 1767 impeditum,
640 1689 796 1767 quominus
815 1689 849 1748 in
867 1688 946 1750 hanc
961 1689 1064 1752 urbem
1079 1691 1270 1770 perveniret,
1282 1690 1349 1771 Tyri

131 1778 179 1838 vel
201 1776 368 1839 Gaeameae
388 1774 552 1849 mensione,
581 1771 661 1835 unde
691 1792 761 1835 eum
780 1772 947 1849 Barnabas,
975 1794 1043 1835 cum
1065 1773 1174 1835 Marco
1203 1794 1346 1851 resersus,

130 1862 319 1923 Antiochiam
346 1858 510 1921 redimerit.
557 1856 620 1919 lam
647 1858 706 1921 etsi
725 1858 822 1934 haec,
843 1877 920 1937 quae
941 1859 1044 1921 ultimo
1065 1859 1132 1921 loco
1154 1860 1278 1941 prolata
1295 1865 1347 1936 cst,

129 1948 278 2009 sententia
298 1949 330 2006 et
350 1944 491 2023 reliquis,
525 1962 598 2022 qma
618 1942 709 2005 modo
729 1944 952 2020 recensuimus,
975 1942 1182 2024 opinionibus,
1204 1954 1240 2009 et
1260 1944 1346 2020 alteri,

131 2051 218 2110 quam
245 2031 326 2090 idem
353 2029 401 2087 vir
429 2027 617 2103 doctissimus
644 2027 682 2088 sd
708 2028 914 2089 dillicrdtatern
942 2030 1155 2093 removendam
1187 2028 1345 2113 proposuit
1387 2094 1390 2101 ,

131 2117 323 2177 coniecturae
348 2109 540 2190 simplicitate
567 2110 693 2193 quadam
716 2120 850 2193 praestat
865 2146 904 2159 ·-
919 2112 1038 2176 lucilius
1066 2116 1147 2177 enim
1176 2114 1295 2199 Lucas,
1322 2115 1345 2176 si
1386 2130 1390 2181 “.

131 2199 211 2280 quod
239 2197 349 2259 Paulus
382 2196 446 2259 iter.
466 2195 588 2259 Hieros.
613 2197 729 2260 iniisset
757 2198 892 2278 quidem,
929 2217 1028 2278 neque
1059 2219 1131 2261 sero
1159 2200 1345 2281 perfecisset,

132 2305 219 2365 quam
234 2283 261 2343 si
280 2299 405 2361 prorsus
424 2299 484 2342 non
502 2287 588 2347 essct
607 2282 772 2361 ingressus,
792 2284 823 2345 in
844 2302 912 2345 sum
926 2283 1073 2365 potuisset
1087 2302 1232 2349 errorem
1244 2286 1345 2359 munet

133 2367 259 2432 utillud
279 2362 481 2429 iactum'esse
493 2366 699 2439 crederet-z
720 2374 830 2444 tamen
851 2369 932 2444 siid,
955 2370 1067 2451 dequo
1081 2370 1213 2451 agimus,
1234 2370 1345 2435 dullum

131 2455 220 2514 solco
243 2450 357 2514 lasese
380 2450 451 2532 fide
482 2451 581 2529 dirimi
607 2452 719 2533 possit,
754 2453 832 2515 hanc
863 2454 1007 2516 rationem
1027 2452 1265 2537 praeferendam
1284 2474 1346 2519 esse

124 2559 218 2605 neruo
245 2537 409 2617 negaverit.
464 2535 568 2617 ltaque
594 2556 664 2597 num
690 2556 762 2599 vere
789 2538 925 2618 apostolo
952 2539 1011 2601 iter
1035 2542 1209 2605 secundnm
1237 2540 1345 2605 merso
1388 2540 1390 2619 j

131 2623 260 2687 transire
274 2640 338 2683 oon
359 2621 487 2696 licuerit,
509 2628 565 2697 en,
588 2622 668 2701 quod
689 2623 722 2683 in
742 2621 989 2704 disceptationem
1010 2644 1160 2687 vocemus.

213 2709 259 2770 Ac
284 2708 379 2787 prima
400 2707 519 2787 quidem
540 2708 644 2787 specle
665 2706 746 2768 haud
765 2727 868 2788 parum
888 2709 1090 2771 commendari
1112 2712 1239 2774 videtur
1252 2730 1346 2775 eornm

129 2794 286 2867 sententis,
301 2793 362 2871 qni,
376 2811 466 2871 quum
479 2791 571 2851 Paulo
585 2811 645 2852 non
658 2798 728 2869 tam,
743 2794 860 2873 quoties
877 2791 1108 2875 Hierosolymis,
1124 2816 1220 2876 qnam
1235 2800 1345 2879 quoties

129 2899 198 2940 oum
204 2876 350 2959 apostolis
360 2877 400 2939 sit
410 2881 555 2953 versatos,
561 2878 848 2939 commemorandum
861 2877 957 2943 fuisse
971 2889 1122 2956 censeant,
1133 2883 1257 2944 itineris
1269 2884 1347 2961 istius

127 2964 309 3025 mentionem
328 2962 669 3042 ideocmittipotuisse
690 2963 869 3039 existimant,
888 2965 967 3043 quod
989 2965 1041 3027 ille
1060 2972 1125 3028 tum
1144 2969 1348 3047 apostolorum

128 3048 242 3109 nullum
256 3046 427 3106 convenerit
438 3046 476 3128 r),
496 3046 603 3127 Nepae
616 3048 696 3109 euim
709 3047 806 3109 Lucas
819 3049 878 3110 nisi
886 3047 1086 3130 presbyteros
1094 3051 1180 3127 dicit,
1195 3055 1307 3133 quihus
1316 3052 1347 3114 Ρ.

127 3142 159 3196 et
169 3130 463 3195 B.rlntiochenornm
478 3148 599 3193 eranum
613 3133 791 3194 tradiderint
797 3131 878 3217 (Act
886 3131 1024 3219 luth),
1040 3143 1073 3198 et
1085 3136 1239 3217 suspicari
1253 3139 1348 3211 liceat,

126 3216 278 3300 apostolos
298 3232 403 3279 omnes
422 3222 547 3296 propter
560 3218 799 3297 persecutionem
815 3220 920 3280 eadem
933 3218 1001 3281 lere
1014 3227 1113 3283 aetate
1127 3222 1166 3283 ah
1178 3223 1318 3305 Agrippa
1329 3222 1351 3283 1.

125 3310 235 3366 motam
249 3302 382 3383 legisse3
401 3319 471 3363 nam
484 3300 641 3374 Petraiant
653 3303 823 3383 exhctl2,
834 3303 884 3366 lt.
899 3304 1050 3382 discimus,
1066 3325 1156 3386 quum
1170 3305 1350 3388 Hierosoly·

125 3389 183 3451 mis
201 3386 335 3463 eederet,
355 3394 478 3468 praeter
494 3381 573 3462 τοὺς
594 3375 767 3474 ἀδελφοὺς
783 3390 879 3451 solum
893 3387 1173 3475 iacobum(domini
1194 3391 1350 3476 intrem),

126 3493 214 3555 quem
235 3492 275 3534 ne
295 3471 390 3534 folsse
412 3472 531 3550 quidem
552 3473 719 3553 apostolum
739 3474 905 3550 credimus,
928 3474 966 3535 de
987 3477 1078 3537 rebus
1098 3476 1162 3538 anis
1185 3481 1348 3541 certiorem

124 3558 213 3619 reddi
237 3558 332 3621 iussit.
381 3555 441 3635 Sed
468 3546 538 3638 qula
559 3574 619 3619 uon
641 3558 714 3621 satis
735 3565 867 3631 constat,
897 3577 935 3620 an
955 3558 1064 3622 Paulus
1092 3561 1160 3643 ipso
1181 3564 1348 3627 vexationis

124 3641 205 3702 illius
226 3648 362 3723 tempore
383 3641 602 3722 Hierosolymis
622 3642 731 3719 luerit,
751 3651 784 3705 et
805 3645 890 3725 qula,
910 3645 936 3706 si
957 3645 1007 3707 vel
1028 3646 1165 3709 iacchum
1187 3649 1289 3711 solum
1308 3648 1349 3709 lli

123 3726 296 3800 invenisset,
316 3733 427 3801 temen,
448 3729 586 3807 quonism
607 3727 660 3789 ille
680 3729 824 3808 apostolis
837 3748 897 3791 non
912 3728 1038 3792 inferior
1051 3731 1234 3807 habebatur,
1249 3736 1280 3796 in
1291 3733 1350 3795 hoo

125 3829 244 3893 qnoque
268 3812 387 3873 itinere¹
400 3812 567 3891 apostolum
599 3812 727 3894 aliquem
758 3816 934 3876 convenisse
967 3816 1027 3877 dici
1053 3824 1190 3897 poterat:
1206 3858 1209 3863 «
1228 3821 1348 3893 restim,

124 3896 231 4042 oppaor
231 3935 251 4041 1',
281 3893 339 3955 heo
367 3897 538 3967 coniectura
558 3897 666 3974 missa,
697 3918 768 3961 num
799 3916 850 3961 res
872 3899 929 3962 alls
949 3902 1064 3963 ratione
1085 3900 1229 3983 expediri
1252 3913 1348 3987 queat,

122 3980 155 4041 in
252 3978 339 4040 imas.

175 3999 290 4125 muno
329 4063 517 4147 potissimum
550 4070 656 4140 erant,
697 4067 737 4127 de
779 4066 885 4147 quihus
924 4068 1031 4131 Prulm
1067 4069 1184 4134 Galatis
1224 4094 1348 4156 persus

122 4149 197 4214 dere
227 4148 337 4213 vellete
355 4146 509 4233 primurn,
535 4167 571 4211 se
598 4169 681 4213 suam
710 4169 863 4216 ramorum
887 4150 1123 4227 Christianorum
1146 4162 1349 4240 cognitionem

191 4368 206 4418 q
236 4354 266 4401 ln
285 4350 371 4403 diario
388 4348 423 4400 ab
440 4350 500 4419 ipsu
518 4347 858 4408 editoskrit.Jonrn.sto.
877 4355 898 4420 l,
916 4361 941 4420 3,
959 4360 1061 4427 pest
1133 4358 1162 4425 r)
1180 4357 1224 4412 lta
1243 4362 1348 4416 Peer-

192 4420 320 4469 scnius
348 4420 424 4485 (ann.
442 4419 517 4472 l'sul.
535 4437 562 4488 p.
575 4421 701 4486 14.19.),
726 4421 971 4491 spanhemius
988 4424 1063 4493 (hist.
1082 4423 1183 4485 socha
1202 4425 1261 4483 ch.
1278 4444 1349 4496 nato,

192 4503 242 4537 ec.
260 4504 324 4555 opp.
340 4496 360 4539 t.
378 4487 397 4537 1.
413 4505 445 4605 p.
463 4487 555 4554 5³5.),
587 4486 788 4558 Whithyus
814 4492 859 4558 (in
881 4508 955 4563 oper.
978 4490 1045 4546 htbt.
1071 4492 1170 4563 anglic.
1190 4505 1266 4551 tom.
1286 4500 1350 4554 XV.

212 4592 218 4604 .
289 4570 391 4605 ‚vera
439 4572 513 4619 erm,
537 4564 604 4605 teste
623 4554 727 4621 Kedio,
746 4572 853 4627 opuscc.
871 4578 899 4629 p.
920 4562 1054 4616 roomo
1072 4561 1352 4629 9.),Bsnsonius

215 4659 256 4674 ..
306 4638 340 4673 m.
357 4618 388 4671 ll.
432 4626 517 4686 .4.)‚
552 4622 784 4676 Michaelis
815 4626 863 4696 (ad
880 4627 1093 4695 Aer.11‚so.)‚
1125 4628 1353 4687 Hemsenias

99 4682 105 4697 ¹
215 4690 260 4744 ,1,
278 4706 307 4756 p.
325 4641 438 4757 edepl,
473 4707 527 4741 non
555 4688 704 4762 refragante
733 4689 911 4747 schotto
939 4694 1131 4767 (Emertsrnng
1154 4710 1207 4755 etc.
1236 4721 1269 4772 p.
1291 4706 1354 4772 18).
