2956 5168
122 274 166 337 na
293 264 380 333 car.
399 266 449 329 ur.
491 264 547 327 uu
567 258 830 327 aumouuus
851 256 1001 326 uanum
1019 258 1181 341 omum

125 436 314 523 auualibnsb)
327 439 422 519 petito
436 435 576 497 ostendit.
589 468 633 481 -
648 433 733 509 Sunt,
747 434 799 513 qui
811 430 893 495 locos
907 430 1035 495 aderant
1047 432 1177 508 Acta,
1192 430 1226 495 2.
1241 432 1297 511 bl,
1311 436 1347 514 l,

125 528 232 610 quibus
253 525 411 595 docemur,
433 540 491 601 quo
513 527 648 600 tempore
672 518 704 579 Ρ.
725 518 943 598 Hierosolymis
956 519 988 577 iu
1002 518 1168 579 custodim
1189 518 1279 581 dama
1293 526 1348 597 eat,

125 611 282 675 Ananiam
320 607 466 688 quendam
493 606 572 685 apud
597 604 723 665 ludaeos
750 604 924 683 pontilioatu
949 602 1084 663 iunctum
1111 622 1184 666 esre
1213 606 1350 667 marimo.

126 698 255 759 Ananias
276 695 350 769 iste,
372 693 422 771 qui
437 690 590 751 Nebedaei
611 694 676 749 erat
693 684 816 767 lilius*)
838 687 931 769 (male
952 707 971 748 a
991 688 1138 749 nonnullis
1158 694 1351 771 permutatur

126 802 194 845 cum
220 782 323 842 anuo
359 776 456 838 Ausul
484 775 519 834 F.
543 770 613 856 0))‚
645 774 726 834 circa
753 793 861 834 anunm
891 772 1009 833 claudii
1037 780 1173 835 namnum
1209 774 1351 837 moesto

126 869 200 929 tium
226 866 372 943 adeptus,
407 881 435 921 a.
463 859 514 919 52.
544 858 622 939 (ιιοιι
648 876 676 918 a.
697 856 766 935 52,
802 858 848 919 nti
878 856 1041 937 cappellus
1069 858 1215 939 opirtatur
1229 854 1304 943 d))‚
1335 878 1352 921 a

126 950 278 1029 Quadrato
300 946 406 1025 Syriae
426 943 566 1024 praeside
586 960 653 1003 cum
674 943 741 1003 aliis
762 942 910 1003 uouunllis
931 942 1057 1003 Romam
1084 943 1198 1005 missua
1228 950 1296 1021 eat,
1323 948 1352 1005 rt
1390 963 1392 1004 ι

126 1034 249 1098 Caesari
277 1033 425 1094 rationem
451 1027 593 1088 redderet
619 1026 797 1088 tumultuum
823 1026 912 1108 paulo
933 1032 1003 1087 aute
1023 1048 1041 1087 a
1061 1026 1180 1089 ludaeis
1205 1030 1363 1091 excitato·-

125 1142 191 1183 rum
206 1116 244 1201 e).
294 1116 355 1177 lam
382 1132 454 1173 rero
480 1112 640 1173 multorum
670 1114 745 1173 llaec
774 1118 822 1173 est
850 1112 1013 1187 sententia,
1044 1112 1192 1173 Ananiam
1216 1118 1273 1175 aut
1292 1118 1351 1175 lum

126 1204 290 1284 temporis,
319 1205 370 1260 aut
396 1198 480 1258 breti
509 1204 578 1276 post
605 1197 733 1258 reditum
761 1198 793 1257 iu
818 1198 944 1276 patriam
966 1230 1010 1243 -
1029 1216 1169 1258 reversus
1200 1200 1288 1259 culm
1309 1204 1352 1259 ml
1382 1211 1392 1266 t

126 1291 238 1352 iudicio
259 1292 382 1367 peracto
391 1280 432 1365 f)
455 1319 495 1328 —
517 1301 642 1341 manere
662 1288 773 1341 motum
794 1301 999 1342 successorem
1020 1282 1162 1343 habuisse
1184 1282 1349 1359 louatlraru,

127 1394 216 1455 quem
229 1371 351 1431 Florius
365 1368 449 1428 initio
464 1367 646 1446 principatus
660 1366 821 1427 Neroniani
835 1387 853 1426 a
867 1365 971 1427 Felice
991 1367 1185 1427 interiectum
1210 1386 1286 1429 esse
1305 1360 1362 1429 ra·'
1380 1390 1385 1410 ¹

127 1456 265 1536 l‘eratg).
313 1455 412 1532 Atque
438 1452 544 1512 horum
572 1450 691 1529 quidem
720 1450 840 1530 plurimi
871 1472 961 1531 quum
992 1452 1058 1513 aliis
1080 1452 1249 1513 decausis
1272 1451 1350 1513 Prnll
1374 1517 1377 1532 Ι

127 1541 244 1603 vincula
268 1539 397 1617 tempori
423 1537 531 1597 seriori
559 1536 716 1597 tribuenda
743 1555 812 1597 esse
840 1537 1024 1611 existiment,
1057 1556 1141 1610 eam,
1170 1556 1257 1615 quae
1285 1538 1349 1599 lrluc

128 1631 240 1703 oritur,
273 1622 478 1684 difficultatem
508 1621 598 1679 tariis
626 1638 782 1681 removere
802 1622 926 1681 student
955 1622 1134 1681 coniecturis
1148 1616 1201 1703 ¹¹);
1239 1629 1272 1685 at
1292 1622 1349 1683 dr·

128 1713 247 1773 letius
261 1711 284 1789 2)
308 1714 339 1769 et
359 1705 451 1767 Lud.
474 1704 686 1785 cappellus
701 1701 730 1787 l)
752 1705 917 1785 apostolum
937 1725 1057 1781 resera,
1087 1712 1255 1785 autequam
1276 1708 1347 1787 Aur·

127 1800 192 1858 uias
219 1795 345 1856 Romam
374 1792 548 1865 duceretur,
577 1809 695 1850 causam
726 1808 826 1850 coram
854 1810 891 1851 eo
918 1809 1021 1852 orasse
1040 1798 1186 1867 censent,
1223 1792 1346 1873 ideoque

126 1882 261 1944 Felicem
288 1879 365 1941 alter
392 1876 517 1937 Claudio
548 1878 701 1938 etiamtum
727 1876 912 1957 imperante,
942 1876 1039 1953 alter,
1067 1875 1253 1957 cappellum
1274 1877 1344 1951 dico,
1372 1865 1379 1894 '

127 2064 329 2075 ——n-

194 2164 274 2218 Pauli
303 2162 339 2215 ad
367 2161 524 2227 Gaesarem,
550 2162 657 2233 Lipsiae
682 2166 758 2231 1753,
776 2166 802 2217 4.
827 2182 855 2234 p.
872 2162 1006 2217 x-xss.
1106 2160 1135 2229 b)
1158 2161 1191 2217 L.
1216 2164 1262 2215 10.
1286 2162 1342 2217 αθ.
1371 2225 1374 2236 Ι

195 2234 225 2300 *)
243 2231 286 2286 cf.
306 2234 369 2283 los.
388 2231 453 2287 Ant.
468 2236 512 2297 20,
530 2236 556 2295 5,
575 2237 600 2285 2,
625 2230 759 2283 Ananiam
783 2231 810 2284 b.
835 2232 856 2285 l.
878 2240 1116 2283 commemoratum
1138 2246 1196 2283 uon
1213 2228 1343 2281 diversum

196 2319 253 2353 esse
270 2300 304 2349 ab
322 2318 371 2363 eo,
399 2298 506 2369 dequo
523 2299 594 2351 Acta
609 2299 772 2369 loquuntur,
801 2299 866 2351 inde
890 2310 1022 2369 apparet,
1047 2296 1122 2367 quod
1137 2316 1197 2349 nou
1215 2297 1288 2351 aliua
1302 2298 1343 2349 ia·
1367 2299 1375 2324 ³

195 2370 316 2430 venitur,
342 2368 391 2437 qui
418 2386 431 2417 a
454 2366 601 2419 carolorum
626 2379 714 2420 aetate
741 2366 865 2419 sacerdos
881 2385 999 2418 summus
1015 2365 1113 2432 luerit,
1141 2365 1274 2417 Ananiae
1295 2382 1342 2417 no·
1374 2427 1378 2444 Ι

195 2438 269 2489 mine
296 2435 391 2489 dictus.
463 2454 477 2486 e
511 2434 678 2506 discrepante
704 2436 743 2485 Li
750 2434 831 2503 ghtf
837 2437 910 2486 coti
947 2436 1076 2553 opinione
1101 2452 1127 2485 r.
1151 2432 1227 2483 iufra
1251 2430 1342 2487 nobb.

196 2508 225 2571 c)
243 2507 275 2557 V.
293 2523 317 2573 g.
333 2522 348 2553 a
366 2503 520 2573 Iosepbo
538 2503 734 2573 hypomnestici
752 2515 861 2554 auctore
883 2504 945 2573 (ap.
986 2502 1068 2553 ebrio.
1085 2500 1145 2555 cod.
1150 2500 1254 2618 ¹⁴pseud
1289 2498 1342 2555 Ν.

196 2574 233 2624 Τ.
250 2573 284 2637 ll,
302 2592 330 2643 p.
348 2574 421 2640 lt.),
440 2589 455 2621 a
472 2571 674 2641 Nicephoro
693 2572 739 2637 (H.
757 2572 788 2624 E.
807 2576 834 2637 2,
851 2570 898 2637 4.).
915 2570 1026 2621 Mauras
1043 2570 1134 2619 Anaui
1174 2578 1267 2639 .port
1301 2565 1344 2621 ω’

197 2640 306 2694 demum
322 2639 426 2692 obitum
446 2638 480 2689 ad
496 2636 683 2709 pontificatum
701 2650 808 2691 evectus
826 2649 879 2707 eat3
906 2638 941 2691 cf.
959 2640 1025 2690 los.
1042 2637 1107 2691 Aut.
1123 2641 1169 2703 20,
1186 2642 1214 2701 0,
1232 2640 1259 2691 1.
1291 2634 1344 2699 Aa}

197 2709 270 2762 cedit
286 2709 402 2760 nominis
419 2706 568 2761 diversitas.
645 2709 678 2774 d)
695 2707 763 2761 Hiar.
782 2708 836 2776 Ap.
853 2725 882 2776 p.
899 2710 941 2775 24.
956 2717 1013 2757 not.
1092 2705 1120 2771 ι)
1136 2704 1206 2757 los.
1222 2708 1292 2759 Ana
1306 2703 1344 2767 ss,

196 2783 223 2841 6,
240 2783 266 2830 2.
283 2776 314 2828 Β.
332 2778 352 2828 l.
369 2780 395 2839 2,
414 2779 456 2836 12,
474 2780 499 2827 6.
574 2772 620 2846 f)
636 2774 710 2842 Hoc,
735 2774 784 2826 atsi
801 2791 858 2826 nou
875 2772 973 2825 diserta
989 2792 1004 2824 a
1020 2772 1113 2825 Flavio
1129 2770 1266 2839 nuditas,
1288 2768 1345 2825 lado

195 2856 287 2896 tamen
304 2842 456 2911 colligitur,
484 2840 557 2912 quod
574 2842 710 2895 Ananiam
732 2842 817 2894 aerius
838 2842 868 2892 in
883 2840 980 2893 Iudaea
997 2842 1096 2893 iterum
1113 2838 1259 2908 degentem
1276 2842 1346 2893 iura-

197 2913 285 2963 nimus
308 2910 357 2978 (cl.
375 2912 426 2963 los.
444 2910 508 2961 Ant.
517 2916 560 2972 20,
571 2916 596 2977 9,
605 2914 631 2963 t.
641 2913 666 2963 4.
677 2908 707 2962 B.
716 2911 774 2975 22,
793 2913 835 2973 li,
853 2911 903 2977 9.).
926 2910 1020 2977 Neque
1036 2908 1077 2959 ito
1092 2907 1176 2959 multo
1194 2918 1262 2980 poat
1278 2906 1346 2959 iudi-

198 2981 271 3030 cium
287 2980 387 3030 llomae
406 2977 440 3029 de
457 2979 516 3048 ipso
533 2979 666 3047 sociisque
684 2978 807 3028 habitum
819 2976 953 3027 Maniam
968 2994 1103 3029 reversum
1121 2992 1196 3041 esse,
1215 2994 1252 3029 ex
1269 2978 1345 3029 lotta-

197 3045 353 3111 etaetatis,
384 3049 430 3115 qui
448 3045 528 3096 simul
544 3048 649 3097 rinctus
665 3048 694 3096 iu
713 3044 806 3097 urbem
825 3044 954 3097 deductus
971 3044 1075 3103 fuerat,
1100 3042 1268 3098 concludere
1283 3045 1346 3097 licet

198 3115 251 3165 llic
266 3115 338 3165 enim
353 3115 383 3163 in
399 3117 504 3182 patria,
534 3124 677 3183 postquam
699 3113 816 3165 Felicem
839 3114 943 3181 saepius
961 3130 1050 3164 rernm
1066 3111 1240 3164 Iudaicarum
1256 3112 1346 3167 melina

199 3180 471 3233 administrandarum
492 3180 646 3242 admonuit,
673 3182 763 3248 primis
787 3181 901 3231 Neronis
923 3182 1078 3248 temporibus
1105 3178 1139 3230 ab
1163 3178 1217 3231 illo
1244 3192 1286 3232 eat
1307 3180 1347 3231 itt-
1390 3186 1392 3202 ¹

197 3261 326 3301 teromtus
345 3249 384 3316 (v.
404 3250 469 3300 los.
486 3248 552 3300 Ant.
570 3254 614 3312 20,
631 3254 657 3312 8,
675 3255 700 3302 5.
718 3248 762 3302 ell.
779 3250 809 3301 ll.
825 3249 846 3298 1.
865 3254 892 3311 2,
912 3254 953 3311 13,
966 3250 1017 3313 3.).
1183 3248 1224 3315 g)
1242 3248 1273 3297 la
1290 3246 1348 3298 Asa

200 3330 227 3369 et
244 3317 278 3368 de
295 3319 325 3370 B.
344 3318 364 3370 l.
381 3315 410 3368 ll.
427 3315 509 3367 modo
527 3317 584 3367 citt.
737 3316 768 3378 Ιι)
785 3315 985 3368 ΜίοΙιιέΙίε
1005 3313 1094 3381 (Eiul.
1110 3314 1131 3377 Ι,
1148 3332 1175 3383 p.
1193 3313 1347 3381 att-aa),

198 3384 414 3437 Kuiuoclius
443 3383 497 3452 (ad
514 3385 641 3450 Δοι23,
660 3385 721 3450 2.),
744 3384 915 3452 Meyerus
943 3383 972 3447 (l.
989 3383 1007 3435 l.
1023 3402 1051 3450 p.
1065 3380 1348 3448 458.),Eiolrlror·

198 3455 282 3504 nius
308 3452 344 3520 (l.
363 3471 385 3507 c.
403 3454 436 3517 ll,
453 3472 480 3522 p.
497 3452 624 3521 68⁸4),
658 3453 826 3504 Winerua
850 3449 934 3514 (bibl.
959 3448 1089 3502 llealwtb.
1111 3466 1130 3500 s.
1152 3466 1177 3501 r.
1201 3448 1350 3515 Ananias),

199 3520 368 3572 Walrlins
393 3523 442 3587 (in
466 3520 520 3572 lex.
543 3519 592 3570 snb
618 3519 790 3586 ead.voce),
817 3516 1084 3568 Hildebrandns
1101 3514 1215 3581 (Geaob.
1233 3516 1349 3586 cipp.

219 3589 376 3657 .326sq.)‚
404 3589 619 3640 Hemsonius
644 3588 681 3655 (1.
697 3588 717 3639 l.
733 3606 761 3657 p.
778 3592 829 3639 523
839 3604 879 3656 sq.
904 3587 975 3655 iupr.
996 3596 1052 3638 not.
1068 3585 1139 3649 40),
1166 3584 1351 3653 interregnum

199 3607 280 3707 inisse
303 3666 411 3707 censent
433 3657 503 3707 iuter
528 3655 665 3706 Ionatham
691 3666 731 3718 et,
759 3656 805 3724 qui
828 3667 923 3725 postea
944 3650 1102 3724 pontificatu
1122 3650 1285 3704 innotuerit
1316 3652 1352 3703 le·

200 3723 313 3773 maelem
339 3722 424 3773 Phabi
448 3724 477 3775 F.
506 3725 590 3790 (los.
607 3723 673 3774 Ant.
689 3728 733 3787 20,
751 3728 779 3787 8,
796 3723 854 3791 8.),
879 3725 948 3772 iutra
972 3719 1047 3790 quod
1068 3719 1187 3770 Ananias
1203 3736 1269 3771 sace
1303 3718 1352 3771 otia

200 3791 298 3841 summi
314 3791 386 3841 sices
402 3792 573 3854 sustinuerit3
604 3792 714 3841 Busae
724 3792 804 3859 gius
821 3792 896 3856 (anu.
916 3789 950 3839 ad
968 3807 990 3843 a.
1008 3794 1050 3841 56.
1070 3791 1096 3853 S.
1114 3787 1237 3853 xxiv.)
1255 3788 1353 3839 lamati-

199 3858 254 3909 lem
271 3856 319 3907 ills
336 3868 423 3908 aetate
441 3860 481 3908 rei
505 3857 663 3909 ludaeorum
680 3876 769 3909 sacrae
787 3859 969 3927 praestitisse,
996 3855 1044 3907 sed
1060 3855 1130 3907 sorte
1148 3852 1271 3907 abfuisse
1287 3872 1353 3907 con·

199 3926 260 3977 iicit
282 3943 297 3973 a
321 3923 450 3994 synedrio
473 3924 629 3976 festinanter
651 3936 815 3986 convocato,
843 3925 978 3974 Ananiam
995 3942 1075 3989 tero,
1101 3932 1196 3992 utpote
1213 3922 1352 3973 heminam

201 3992 310 4043 maioris
326 4009 407 4055 quam
423 3991 556 4053 reliquos,
576 3994 756 4058 auctoritatis,
775 3994 831 4042 eius
848 4003 938 4072 partes
951 3992 1101 4061 ‘suscepisse
1119 3988 1222 4056 credit3
1249 3990 1351 4043 Heiu-

201 4059 363 4111 richsins
380 4056 427 4124 (ad
443 4059 506 4110 Act.
525 4063 569 4121 23,
586 4060 638 4125 2.),
664 4072 725 4110 utra
743 4071 873 4110 sententia
897 4061 932 4109 sit
948 4058 1140 4130 praeferenda,
1156 4058 1282 4109 incertus
1298 4066 1352 4121 cett

199 4126 345 4197 Liglrtfo
356 4137 435 4178 otus
453 4125 524 4192 (laon.
541 4125 616 4178 hebr.
635 4125 670 4177 ad
687 4128 748 4181 Act.
766 4132 808 4188 23,
826 4132 852 4179 2.
870 4125 948 4180 etad
965 4130 1002 4181 lo.
1021 4133 1062 4188 18,
1081 4128 1146 4194 13.),
1163 4142 1253 4194 quum
1272 4124 1351 4175 dnbi-

199 4209 258 4264 tet,
283 4214 371 4247 aunon
395 4192 515 4246 Manias
540 4204 614 4265 pout.
639 4196 722 4246 Roma
740 4194 867 4260 redierit,
892 4195 1027 4247 Ananiam
1044 4205 1166 4246 nostrum
1184 4191 1290 4245 abillo
1306 4190 1351 4243 di-

199 4284 320 4330 versum,
345 4280 395 4317 nac
417 4282 536 4333 unquam
559 4262 723 4317 sacerdotem
745 4282 877 4315 summum
898 4264 980 4315 fuisse
1002 4274 1097 4333 putat,
1125 4260 1174 4313 sed
1190 4272 1351 4331 perpetuum

202 4352 277 4410 cius,
297 4351 417 4417 quitum
436 4359 519 4411 esset,
537 4346 673 4417 pontificis
688 4348 727 4400 M.
748 4347 897 4400 adiutorem
914 4359 942 4398 et
958 4348 1087 4399 ricarium
1104 4327 1204 4417 (ἹΞΌ),
1214 4357 1351 4415 praeterea

202 4415 318 4469 eundem
337 4435 391 4468 esse
408 4418 559 4485 suspicatur
575 4428 656 4485 atque
672 4415 807 4467 Ananiam
833 4434 956 4485 sagunem
972 4418 1078 4485 saepius
1095 4434 1112 4466 a
1128 4433 1170 4465 ma
1190 4415 1263 4465 istria
1282 4432 1352 4467 oom-

202 4495 396 4559 memoratum,
426 4486 473 4553 qni
496 4496 616 4554 tempore
641 4483 741 4536 excidii
762 4483 1010 4552 Hierosolymorum
1031 4484 1145 4565 periisse
1165 4432 1263 4534 ibitur.
1298 4480 1352 4533 At-

203 4569 255 4621 que
279 4549 308 4599 hr
332 4568 423 4603 omues
444 4570 500 4603 uon
543 4563 634 4603 ossuut
659 4554 725 4620 quin
746 4550 882 4602 Ananiam
898 4568 976 4604 sensu
991 4550 1087 4604 latiore
1103 4546 1233 4623 ἀρχιερέα
1251 4548 1353 4603 dietum

202 4629 427 4755 ἷζιῖΐοιοιιῗαιιῐὲ
486 4639 527 4739 Ξ4ι
566 4620 609 4737 llo
631 4618 720 4671 Paulli
742 4619 771 4671 in
795 4619 889 4673 urbem
912 4621 1023 4673 Romam
1045 4620 1163 4688 ingressu
1170 4654 1179 4684 ,
1206 4636 1235 4689 p.
1255 4622 1353 4687 lfflaq.

273 4702 316 4740 ts.
358 4703 407 4756 poa
442 4706 470 4756 p.
520 4704 617 4739 .aoa.
