2956 5168
268 96 283 129 ⁸
316 124 318 139 .

237 142 285 229 pse

413 168 416 173 Α
458 210 652 285 annuum
671 219 730 282 ET
753 218 1026 284 constatinus.
1109 270 1112 276 .
1173 275 1174 278 ,
1254 269 1255 272 ¹
1290 221 1354 284 197

127 395 158 446 Ι).
170 391 305 463 Ephesum
322 389 462 444 advenerit
481 389 557 456 (Act.
575 395 617 454 19,
635 390 690 456 L),
708 389 790 441 tertio
809 386 960 442 discesserit
977 389 1050 458 (Act.
1068 393 1111 452 20,
1130 391 1177 458 1.).
1222 389 1353 443 Similiter

129 463 185 512 iarn
203 459 363 512 schottus
386 460 429 525 (in
445 461 512 528 isag.
529 459 559 507 in
577 457 611 510 N.
629 458 659 509 F.
677 459 738 510 loco
754 477 783 527 p.
800 462 842 508 57.
859 469 917 511 not.
936 478 958 512 c.
977 457 1047 524 alt).
1081 455 1141 528 Qua
1159 456 1267 527 quidem
1286 476 1351 511 sen-

128 531 225 592 tentia,
244 529 294 579 etsi
312 521 370 581 ea'm
387 527 500 578 tolerari
518 542 596 594 posse
613 525 760 594 largimur,
788 542 856 595 opus
873 536 964 577 tamen
980 542 1037 577 esse
1053 544 1087 577 ne
1106 542 1198 592 amus,
1216 544 1299 596 quum
1316 545 1351 578 ex

129 598 177 667 iis,
192 613 262 665 quae
276 615 306 676 p.
322 600 365 648 57.
384 600 419 647 59
430 610 470 662 sq.
495 592 629 663 disputata
646 604 724 658 sunt,
753 592 905 663 apostolum
924 604 1069 645 auctumno
1086 544 1223 664 hphesum
1238 595 1351 660 venisse,

128 681 200 715 anno
220 675 301 714 terno
318 673 487 732 pentecostes
505 660 573 712 festo
590 659 756 728 discessisse,
779 678 869 729 eaque¹
890 659 924 712 de
942 664 1022 712 causa
1038 663 1173 730 integrum
1189 661 1246 714 fere
1261 665 1351 713 trien·-
1446 700 1447 705 ι

128 733 204 782 nium
228 731 280 781 hac
301 732 330 781 in
355 729 421 781 urhe
439 730 568 796 exegisse,
593 740 730 799 appareat.
746 757 781 768 -
857 730 909 779 Aa
928 734 1055 798 Μῦες.
1084 740 1151 782 not.
1168 729 1186 782 Ι.
1220 732 1264 792 V,
1283 748 1351 798 quac

127 810 222 852 contra
246 798 430 850 Schottum
457 797 670 848 Riicksrtus
697 795 768 847 dixit
785 793 950 863 (Commeat.
969 797 1014 850 iib.
1032 796 1060 852 d.
1078 798 1124 850 Br.
1142 798 1172 851 P.
1190 815 1226 848 sn
1241 796 1271 858 d.
1290 797 1351 852 Gal.

130 869 316 984 pithlsfp),
346 878 372 917 et
401 864 663 917 Olsbsusenius
692 863 728 914 ad
755 862 820 915 Act.
839 870 881 930 18,
899 869 992 916 22-
1071 866 1127 946 Ad
1144 885 1173 935 p.
1196 870 1239 919 61.
1269 867 1352 926 ¹Inter
1385 907 1387 917 .

125 950 236 1006 χρονον
252 952 261 983 ι
275 934 341 1013 lum,
360 951 440 1013 quem
454 933 542 984 Lucas
559 931 620 984 Act.
639 937 680 995 18,
698 936 740 984 23.
759 943 960 1000 commemorat,
977 932 1157 1013 Wurmrus
1176 933 1208 1001 (l.
1220 951 1242 986 c.
1254 953 1282 1003 p.
1292 933 1350 1001 78.)

104 1111 106 1113 .
129 1001 352 1139 tttssssttttif'
367 998 1352 1140 §lithit'ttttssqh‘ttetih?.5t?titt.‘².htt.¹iaiti-³
1408 1069 1409 1072 Ν

130 1139 308 1207 grinationem
319 1136 426 1188 silentio
443 1137 629 1199 transmisisse,
644 1138 674 1185 in
712 1154 746 1186 ua
762 1136 898 1204 apostolas
914 1153 970 1186 nou
986 1135 1073 1186 solum
1090 1146 1175 1187 terras
1191 1147 1351 1188 tamremo-
1430 1142 1433 1152 ⁴

129 1219 172 1256 tas
190 1204 316 1269 adiisset,
342 1204 390 1256 sed
415 1216 441 1256 et
459 1216 514 1255 tam
530 1221 615 1274 prope
632 1202 667 1253 ad
716 1203 864 1255 acedoniae
880 1201 963 1268 fines,
986 1202 1035 1254 ubi
1056 1204 1141 1255 Lucas
1164 1215 1223 1255 tum
1247 1202 1352 1271 degisse

130 1272 253 1337 videtur,
282 1275 448 1324 accessisset:
480 1273 523 1323 cui
547 1271 655 1323 tandem
671 1269 878 1339 persuadeatur,
907 1271 1013 1335 illum,
1031 1290 1110 1339 quum
1131 1271 1253 1340 Ephesiis
1277 1271 1371 1333 (Act.

130 1346 173 1406 le,
191 1341 252 1408 20.)
276 1343 386 1396 reditum
411 1340 587 1409 promisisset,
619 1338 764 1390 Antiochia
795 1340 824 1390 in
843 1338 980 1389 Graeciam
1002 1339 1112 1409 quidem
1139 1357 1168 1391 se
1196 1339 1351 1403 contulisse,

131 1427 218 1476 neque
236 1420 326 1459 tamen
344 1409 484 1477 Ephesum,
509 1426 525 1457 a
549 1425 603 1475 qua
625 1417 683 1457 tum
707 1408 831 1472 proxime
854 1405 1000 1471 abfuisset,
1029 1409 1104 1474 prius
1128 1407 1240 1472 adiisse,
1270 1425 1354 1474 quam

130 1476 277 1526 Antiochia
299 1478 410 1545 repetita
430 1495 478 1543 per
504 1474 638 1525 Galatiam
658 1486 682 1524 et
698 1474 841 1544 Phrygiam
864 1471 1026 1544 migrasset?
1049 1503 1082 1516 -
1148 1478 1202 1526 Aa
1222 1495 1251 1543 p.
1264 1481 1299 1527 67
1309 1495 1352 1544 sq.

133 1541 281 1611 „Ceterum
299 1563 353 1596 non
370 1544 589 1614 perspicitur--
621 1541 791 1595 raeieoissa.“
826 1543 859 1594 H.
876 1543 895 1593 l.
912 1542 1039 1592 iniuriam
1055 1540 1205 1596 Schradero
1223 1543 1351 1609 lecimus,

131 1615 190 1682 ipse
207 1614 279 1663 enim
298 1631 326 1681 p.
344 1616 402 1666 164.
430 1621 542 1681 propter·
566 1617 580 1663 1
619 1610 687 1661 hess.
705 1616 731 1675 2,
749 1615 790 1662 17.
813 1615 839 1674 3,
858 1615 901 1662 12.
934 1609 1049 1659 Paulum
1065 1611 1129 1661 tunc
1149 1611 1184 1662 sd
1203 1611 1353 1663 Thessalo·

132 1682 529 1748 nicensesrenrssenegat.—
607 1679 662 1728 At
683 1696 710 1746 p.
729 1682 821 1746 iosap.
844 1690 911 1730 not.
929 1677 951 1730 h.
997 1676 1145 1728 Addantur
1172 1679 1352 1732 Wurmius
1453 1680 1456 1683 ’

76 1760 81 1764 ’
133 1750 175 1816 (ἰιι
203 1748 325 1816 Bangelii
352 1746 462 1798 Archiv.
480 1756 531 1798 etc.
548 1746 609 1811 VII,
627 1751 655 1809 2,
683 1763 711 1814 p.
728 1750 780 1797 282
791 1763 850 1815 sqq.
881 1756 908 1797 et
936 1747 979 1797 ina
1005 1746 1078 1797 Tiib.
1106 1745 1238 1798 Zeitscbit
1260 1747 1280 1799 f.
1298 1747 1352 1798 Tb.

130 1837 160 1887 p.
169 1821 202 1869 67
213 1815 282 1883 sq.),
301 1814 519 1866 Billrotbins
536 1811 666 1882 (Commt.
685 1832 718 1863 zu
736 1812 763 1864 d.
778 1815 837 1864 Brr.
857 1812 903 1864 des
918 1814 947 1865 P.
969 1831 1003 1863 an
1021 1813 1049 1863 d.
1070 1811 1131 1866 Cor.
1150 1815 1225 1885 Lips.
1241 1819 1316 1880 1833,
1328 1820 1354 1868 8.

151 1883 201 1935 rol.
219 1883 558 1953 p.xxV11-xxxt.).
576 1912 611 1921 —
677 1881 733 1932 ΛιΙ
749 1887 906 1948 p.73.not.
922 1899 948 1932 a.
972 1879 1088 1950 Quando
1106 1882 1285 1934 Wurmius
1302 1884 1354 1934 iter

129 1904 181 2004 hcc
194 1949 362 2004 Corinthium
378 1962 530 2019 susceptum
549 1968 604 2001 esse
623 1948 724 2015 credat,
735 1948 853 1999 diximus
870 1951 899 1999 in
917 1947 979 2000 add.
992 1948 1026 1999 ad
1041 1969 1069 2019 p.
1081 1955 1123 2002 61.
1134 1978 1169 1994 -
1198 1951 1258 2000 'Aa
1272 1969 1299 2017 p.
1311 1955 1353 2003 77.

128 2019 187 2072 sere
209 2021 275 2069 med.
300 2018 445 2088 Nicopolin
464 2017 632 2068 Palaestinae
657 2019 779 2080 omittas,
808 2018 909 2086 quippe
933 2033 1019 2081 quae,
1048 2036 1131 2086 quum
1153 2029 1214 2069 ante
1230 2019 1354 2068 Emmaus

131 2089 206 2138 dicta
229 2083 314 2150 esset,
345 2104 370 2138 a.
399 2084 508 2136 demum
525 2090 566 2138 71.
596 2083 722 2152 (testibus
749 2087 837 2135 numia
866 2102 910 2153 ap.
927 2084 1077 2148 Eekhel,
1107 2085 1195 2140 doctr.
1218 2104 1292 2139 num.
1309 2087 1354 2150 ΙΙΙ,

130 2173 160 2224 p.
177 2156 252 2217 454.,
283 2170 353 2218 non,
384 2163 416 2203 ut
441 2153 614 2203 Eusebius
643 2152 673 2202 in
691 2169 748 2204 can.
776 2151 867 2204 chron.
888 2171 917 2222 p.
934 2157 994 2206 297.
1012 2151 1168 2218 ed.Auoh.,
1192 2172 1259 2206 vers.
1277 2154 1352 2206 Hier.

153 2225 218 2274 .80.
235 2219 270 2272 A.
289 2219 332 2272 ed.
350 2221 419 2283 Bas,
433 2221 583 2289 ‘Hieron
608 2217 643 2271 de
658 2221 708 2272 vir.
724 2219 766 2272 ill.
784 2238 807 2275 c.
824 2224 877 2280 63..
906 2219 998 2271 chron.
1015 2219 1095 2274 Alex.
1112 2241 1140 2291 p.
1156 2225 1227 2286 624,
1254 2221 1354 2291 aliique

131 2240 248 2352 docent,
276 2287 422 2356 Elagabalo
454 2287 630 2355 imperatore)
656 2286 852 2356 Nicopolissit
875 2287 1020 2357 appellata.
1044 2317 1079 2329 ·-
1145 2290 1200 2339 Ad
1221 2309 1248 2358 p.
1268 2294 1354 2343 85s.

131 2356 174 2406 De
192 2367 242 2406 tem
261 2374 313 2423 ore,
330 2374 379 2424 quo
397 2366 508 2405 exarata
525 2356 560 2404 sit
578 2367 687 2423 utraque
705 2357 742 2405 ad
756 2355 843 2407 Thess.
863 2375 909 2423 ep.
920 2355 1094 2406 Wurmius
1112 2356 1142 2423 (l.
1155 2375 1179 2410 c.
1192 2376 1219 2426 p.
1230 2360 1264 2409 74
1272 2309 1346 2426 sqqh

132 2375 287 2540 nonnuliip,
311 2424 408 2541 ‹puibus
425 2421 589 2475 Schraderus
607 2433 758 2492 quoquest
774 2422 923 2478 Kochlerus
951 2435 1077 2486 utuntur,
1107 2428 1269 2493 argumentis
1291 2444 1357 2495 per-

133 2503 224 2544 motus
274 2509 301 2542 as

133 2562 163 2611 in
180 2577 213 2612 eo
230 2527 338 2611 demum
355 2560 462 2622 itinere,
480 2557 555 2628 quod
572 2558 652 2609 illurn
662 2558 807 2610 Antiochia
824 2562 853 2610 in
871 2560 1012 2614 Graeciam
1028 2557 1122 2610 iecisse
1140 2557 1217 2627 fingit
1234 2560 1274 2628 (r.
1294 2561 1356 2613 add.

114 2664 116 2668 -
134 2626 170 2679 ad
187 2647 213 2696 p.
222 2627 289 2694 61.),
306 2630 417 2697 scriptas
435 2643 491 2678 esse
509 2628 679 2696 opinatur.-·
692 2624 818 2679 Ceterum
834 2626 1027 2678 Koehlerus
1044 2645 1120 2677 suam
1137 2625 1171 2678 de
1188 2638 1243 2679 tem
1265 2627 1356 2681 oribus
1412 2626 1415 2639 '

133 2695 229 2747 harum
246 2695 420 2763 epistolarum
436 2697 598 2746 sententiam
616 2694 705 2746 denuo
724 2693 847 2747 defendit
862 2696 890 2745 in
903 2694 1016 2764 epistola
1028 2695 1154 2761 privatim
1166 2693 1202 2744 ad
1214 2647 1357 2747 schacum

132 2763 217 2880 dputes,
236 2765 312 2814 cuius
330 2773 486 2881 aspramente
503 2762 551 2814 ille
567 2765 597 2812 in
614 2763 687 2814 Ann.
711 2761 995 2831 dges.Th.1ese,1‚
1015 2781 1043 2832 p.
1055 2767 1089 2815 49
1100 2780 1159 2831 sqq.
1176 2761 1357 2817 refutarit-
1416 2789 1419 2795 ⁴

132 2851 246 2950 sentitiis
269 2866 393 2951 Schoiius
419 2900 529 2969 repetiit
552 2898 597 2950 int
625 2901 695 2951 Ann.
713 2897 741 2950 d.
760 2916 811 2965 ges.
829 2899 882 2950 Tb.
900 2903 975 2964 1832,
988 2903 1015 2964 3,
1028 2903 1054 2965 1,
1080 2917 1108 2968 p.
1128 2898 1179 2961 15,
1210 2898 1259 2949 ubi
1276 2917 1304 2950 se
1321 2899 1358 2950 ad

70 2998 76 3010 .
117 2981 194 3018 'eam
210 2984 252 3016 am
273 2966 426 3018 lactendam
451 2967 613 3034 argumentis
631 2965 791 3036 perductum
809 2983 864 3018 esse
890 2965 1006 3031 fatetur,
1032 2983 1100 3034 quae
1120 2966 1219 3018 similia
1238 2969 1294 3018 sint
1307 2969 1356 3033 tta,

87 3062 90 3066 ·
134 3034 233 3104 quibus
247 2986 414 3086 §stradeant
436 3053 498 3087 usus
526 3033 617 3086 fuerit.
656 3035 804 3085 ¹Praeterea
829 3036 858 3084 in
885 3033 997 3086 eandem
1024 3035 1183 3086 sententiam
1201 3032 1356 3086 Olshs'u-

134 3104 253 3155 senius
271 3105 403 3156 concessit
419 3104 462 3172 (in
477 3101 532 3156 tab.
549 3113 703 3174 temporum
719 3104 910 3158 commentario
927 3103 957 3152 in
973 3101 1044 3154 Acts
1060 3101 1135 3173 App.
1151 3100 1288 3168 adnexa).

383 2831 451 2881 imili
459 2867 468 2893 ‚
487 2849 518 2883 ac
535 2829 706 2893 Schraderus,
723 2832 838 2892 ratione,
861 2830 879 2881 S
893 2849 906 2882 o
918 2832 936 2880 h
949 2848 965 2880 o
978 2841 1014 2882 tt
1027 2848 1068 2881 us
1080 2832 1099 2859 ‘⁴
1117 2842 1166 2882 etc.
1201 2831 1276 2882 Hanc
1293 2849 1357 2885 sen-

502 3376 577 3440 An
635 3375 765 3440 csl’.
810 3380 876 3442 111.
943 3379 977 3439 B.

202 3576 257 3628 At
275 3577 304 3646 p.
319 3581 353 3630 89
366 3597 412 3647 sq.
458 3574 572 3631 Causam
589 3578 686 3632 erroris
705 3597 720 3630 a
738 3579 835 3631 Tacito
853 3580 989 3631 commissi
1006 3596 1062 3632 non
1084 3577 1155 3630 male
1179 3577 1369 3632 Wurmius*

135 3644 255 3714 explicat
273 3646 310 3711 (l.
328 3644 374 3697 all.
389 3665 418 3716 p.
438 3651 471 3698 15
481 3664 512 3716 sq
532 3646 562 3713 .).
590 3676 625 3687 -
711 3648 764 3697 Aa
783 3667 810 3715 p.
828 3652 870 3700 91.
895 3646 957 3700 lin.
977 3653 1061 3716 baqq.
1114 3649 1255 3699 Praeterea
1282 3647 1372 3716 aliud⁴

110 3720 118 3740 l
156 3712 276 3765 uoddam
293 3727 340 3781 est,
358 3712 433 3783 quod
449 3733 496 3766 nos
513 3665 628 3782 doceat,
647 3733 701 3784 quo
726 3715 785 3784 quis
812 3716 907 3767 seriori
930 3719 1045 3786 tempori
1062 3715 1158 3768 Felicis
1187 3734 1201 3768 e
1238 3715 1357 3768 rorincia

136 3799 152 3832 a
172 3784 241 3833 itum
266 3783 394 3863 assignet,
422 3799 455 3834 eo
481 3782 559 3900 ΙΙξΙυιιι
584 3783 673 3834 minus
691 3801 707 3834 a
727 3784 840 3865 veritate
858 3784 975 3835 alienum
992 3782 1087 3866 rideri.
1130 3785 1198 3834 Nam
1214 3735 1358 3866 iirsephum
1434 3805 1448 3820 ν

136 3850 642 3986 “estitittensitate
655 3851 1270 3989 epitheti?..iitit'tttat
1286 3852 1358 3989 iii}

135 3935 304 4037 distinctos
323 4004 355 4038 so
372 3987 490 4052 miserat,
507 3986 641 4041 liberarat.
666 3986 748 4055 Quod
760 3987 869 4056 quidem
881 3989 933 4039 iter
945 4007 1028 4058 quum
1040 3992 1089 4042 Ios.
1101 3986 1173 4038 baud
1186 3986 1267 4038 dubie
1279 4005 1358 4056 quam

329 2494 410 2543 iteras
427 2508 496 2551 non,
515 2508 599 2558 quum
616 2490 752 2561 spostolus
769 2493 887 2560 primum
903 2493 975 2542 inter
991 2489 1147 2543 Corinthios
1164 2491 1291 2561 degeret,
1307 2492 1357 2544 ssd
1461 2503 1463 2506 ‘

133 4053 247 4120 primum
259 4052 328 4123 fieri
344 4065 468 4121 poterat,
488 4055 597 4120 inierit,
618 4057 647 4110 F.
667 4073 723 4107 non
742 4057 781 4106 ita
799 4057 886 4108 multo
904 4069 965 4109 ante
985 4076 1008 4112 a.
1028 4062 1070 4110 63,
1090 4075 1116 4108 r.
1137 4059 1179 4108 64.
1198 4055 1357 4120 discessisse,
1448 4043 1457 4065 ⁸

135 4124 251 4174 maxime
282 4124 401 4173 omnium
429 4134 468 4174 est
493 4135 709 4178 consentaneum.
764 4126 804 4174 Ita
827 4136 900 4176 recte
936 4126 1067 4194 Hugius
1093 4124 1122 4189 (l.
1138 4122 1159 4177 Ι.
1177 4124 1210 4188 ΙΙ,
1228 4143 1256 4193 p.
1275 4124 1357 4192 316),

135 4188 321 4240 Wurmius
350 4189 381 4254 (l.
400 4189 446 4241 all.
466 4209 493 4258 p.
510 4192 624 4256 24).-
698 4193 752 4241 Aa
772 4213 800 4260 p.
819 4197 860 4245 92.
884 4205 954 4245 not.
975 4212 1003 4262 g.
1037 4193 1203 4245 Winsrus
1221 4193 1249 4240 in
1266 4197 1292 4246 2.
1312 4191 1356 4244 ed.

136 4256 197 4309 lib..·
216 4258 283 4309 bibl.
302 4256 436 4309 Realwtb.
454 4256 491 4306 ad
508 4276 600 4308 eorum
617 4261 777 4311 sententiam
795 4261 907 4311 inclinat
917 4297 926 4325 ,
951 4277 1019 4327 quos
1036 4278 1064 4328 p.
1082 4265 1123 4312 95.
1140 4270 1197 4312 not.
1215 4258 1241 4312 b.
1257 4256 1358 4309 lauda·

95 4344 96 4347 ’
134 4327 232 4378 rimus.
257 4353 292 4365 —
386 4326 439 4374 Aa
468 4345 495 4393 p.
519 4330 619 4395 llssq.
665 4328 708 4378 De
737 4327 889 4379 Dionis
924 4324 1063 4379 Ca'ssii
1100 4328 1252 4377 narratione
1284 4327 1311 4378 b.
1334 4325 1356 4376 l.

135 4396 274 4462 proposita
302 4392 510 4444 Wurmius
539 4395 576 4460 (l.
598 4394 644 4445 all.
664 4412 693 4464 p.
711 4395 816 4466 48sq.)
845 4396 883 4446 ita
910 4396 1010 4457 sentit,
1034 4396 1151 4464 primum
1176 4394 1286 4462 quidem
1302 4395 1358 4443 im-

134 4473 289 4530 peratorem
316 4459 446 4526 edixisse,
474 4480 510 4513 ne
527 4461 631 4514 Iudaeis
655 4467 723 4513 ritus
740 4465 841 4533 patrios
859 4464 934 4532 sequi
962 4462 1071 4530 liceret,
1089 4462 1136 4515 sed
1155 4479 1219 4514 mox
1236 4461 1294 4525 (cll.
1307 4462 1358 4515 Ios.

136 4528 203 4578 Ant.
225 4534 266 4593 19,
283 4533 309 4593 5,
324 4533 349 4579 2.
367 4530 427 4596 3.),
455 4529 615 4600 deprecante
633 4529 745 4599 quidem
761 4530 883 4601 Agrippa
901 4531 1020 4596 maiore,
1051 4533 1162 4600 eiusque
1180 4528 1279 4593 fratre,
1304 4527 1358 4581 hoc

136 4594 254 4649 edictum
278 4594 427 4664 rescidisse,
444 4616 476 4650 ea
493 4616 567 4662 varo,
585 4616 656 4667 quse
673 4597 870 4652 Suetonius
888 4610 915 4651 at
931 4599 1044 4651 Lucas
1067 4598 1101 4666 de
1112 4596 1223 4667 ,tusses
1241 4596 1358 4667 expulsis

136 4663 280 4732 astarent,
291 4665 406 4735 tempori
422 4666 523 4728 seriori,
532 4665 678 4720 tribuenda
694 4683 760 4737 esse.
806 4665 933 4735 Ceterum
949 4666 990 4738 (p.
1008 4671 1043 4720 47
1050 4668 1147 4735 -49.)
1164 4664 1192 4718 in
1212 4682 1246 4719 eo
1262 4665 1359 4718 nobis-

740 4764 748 4782 ,
839 4745 855 4773 'a

1210 4941 1224 4977 Κ
