2956 5168
192 199 236 260 22
613 198 701 262 (ΣΑΡ.
721 199 745 262 1.
787 198 843 261 llll
864 197 987 276 ΔΝΝΟ,

192 375 315 445 rentur,
346 372 493 432 miserunt
508 367 559 454 x);
600 390 689 451 quum
715 370 846 450 primum
873 370 939 432 eius
968 368 1050 429 tamo
1077 369 1116 429 od
1147 386 1200 428 eos
1226 374 1421 449 pervenerat,

192 455 372 534 legationem
409 463 574 516 maturasse
618 455 804 515 eristirnami
846 462 924 516 sunt.
995 452 1097 534 ltaque
1135 455 1163 513 si
1201 454 1326 514 loounm
1371 453 1422 513 rel

193 546 324 600 exeunte
369 540 488 600 demum
526 559 603 600 arrno
647 539 761 599 'liberii
800 538 869 615 XV,
908 540 929 599 i.
961 558 999 612 e,
1041 539 1096 598 suh
1126 538 1292 616 Augustum
1331 557 1420 598 men·-

193 642 260 683 sem
293 625 363 684 soni
391 625 434 684 20
462 644 551 684 aerae
591 624 678 685 llion.
715 625 869 702 baptizare
907 624 1058 703 coeperit:
1108 621 1200 701 legati
1228 622 1277 682 vix
1308 642 1346 683 ac
1379 640 1419 682 ne
1440 612 1454 629 ‘

192 708 242 767 vir
276 709 398 788 quidem
440 708 553 782 setius,
592 728 679 788 quam
711 727 787 767 anno
817 709 870 784 20,
899 709 983 769 missi
1021 726 1089 767 esse
1121 716 1256 787 possunt.
1323 707 1420 786 Atqui

192 792 277 853 brevi
297 799 366 855 aute
385 793 496 873 pascha
526 789 582 874 (lo.
606 795 634 866 1,
658 794 699 853 19
720 813 784 872 sqq.
807 792 856 852 cll.
876 792 929 877 20.
950 791 1002 853 25.
1024 792 1076 851 44.
1098 791 1129 864 2,
1152 792 1180 850 1.
1204 791 1254 851 12.
1277 787 1361 873 la),
1386 797 1421 852 et

192 878 371 957 ecquidem
392 886 529 956 tempore
555 879 639 937 missi
668 882 755 951 sunt,
788 897 847 956 quo
876 877 978 951 lesus,
1010 877 1068 935 nisi
1095 877 1154 935 iam
1182 895 1268 937 sacro
1297 876 1420 935 lauaem

191 980 281 1036 usus,
311 968 398 1024 certe
427 962 477 1021 die
509 957 651 1041 sequenti
677 958 733 1043 (lo.
755 964 785 1035 1,
807 958 997 1040 204111),-
1024 979 1133 1020 usurus
1165 967 1230 1021 erat
1249 956 1296 1040 y):
1335 958 1420 1039 ¹ergo

192 1064 304 1189 nequef
320 1045 440 1189 iltlorum
472 1046 660 1190 adqeprtumi)
680 1065 778 1125 neque
805 1044 1049 1212 lelsiuetbaptisma
1075 1045 1165 1190 spoile
1193 1045 1270 1189 pitto
1296 1063 1420 1122 azymo-

192 1150 258 1191 rum
300 1148 398 1190 esum
428 1149 496 1189 anor
582 1150 608 1190 a.
661 1150 870 1191 .ooere.c
915 1147 961 1190 ν.
995 1160 1039 1175 -
1110 1149 1193 1189 erum
1225 1148 1309 1202 men,
1364 1145 1444 1188 uo-·

190 1216 271 1274 niam
302 1213 379 1275 haec
416 1215 513 1274 omnia
551 1234 610 1274 non
650 1151 752 1275 cadent
783 1215 880 1294 aliqua
917 1215 1127 1295 ambiguitate,
1164 1214 1239 1274 certi
1274 1148 1362 1292 quidq
1378 1214 1418 1274 iis

192 1304 413 1379 superstruere,
434 1299 466 1357 id
487 1301 565 1378 quod
586 1299 760 1378 Bengelium
780 1298 891 1360 fecisse
911 1300 1013 1373 video,
1044 1318 1102 1358 non
1124 1318 1212 1359 ausus
1234 1317 1308 1358 sum.

277 1382 368 1444 Omni
399 1402 470 1443 vero
507 1385 627 1443 omnino
663 1383 752 1442 dubio
785 1383 926 1445 solvendo
957 1385 1127 1462 aptissimus
1165 1382 1300 1464 profecto
1335 1387 1421 1443 esset

191 1466 293 1543 mous,
315 1468 368 1548 qui
396 1467 506 1546 legitur
535 1470 565 1527 iu
597 1467 812 1546 evangelio
841 1468 1025 1540 loanneo,
1047 1468 1078 1541 2,
1106 1469 1167 1541 20,
1199 1468 1255 1527 disi
1286 1473 1318 1527 et
1349 1469 1419 1546 ipse

190 1552 279 1612 variis
296 1553 440 1629 obnoxius
459 1559 541 1612 esset
558 1552 791 1612 difficultatibus.
823 1553 924 1612 ludaei
942 1553 1088 1623 videlicet,
1106 1572 1172 1611 cum
1194 1552 1270 1637 lesui,
1285 1552 1336 1631 qui
1354 1559 1419 1613 tum

190 1637 303 1714 pascha
335 1638 463 1717 primum
492 1637 597 1698 doctor
617 1636 802 1710 celebrabat,
833 1636 1055 1717 colloquentes,
1085 1629 1336 1721 τεσσαράκοντα
1360 1631 1420 1699 καὶ

192 1714 232 1796 ἓξ
252 1714 370 1793 ἔπεσιν,
392 1722 537 1801 inquiunt,
559 1713 766 1806 ᾠκοδομήθη
788 1713 808 1785 ὁ
831 1716 911 1796 ναὸς
933 1708 1045 1796 οὗτος,
1067 1721 1210 1800 templum
1232 1722 1269 1781 ab
1290 1720 1420 1781 Herode

190 1807 387 1867 instauratum
411 1807 570 1867 innuentes
588 1804 636 1887 l²),
670 1807 750 1885 quod
775 1808 859 1866 annis
882 1813 948 1866 octo
977 1806 1025 1866 rel
1045 1825 1150 1865 novem
1172 1811 1357 1866 exstructum
1372 1801 1420 1884 τ),

190 1909 287 1970 usque
308 1891 347 1952 ad
366 1872 490 1951 initiurd
504 1891 570 1950 fere
591 1891 664 1951 belli
685 1889 795 1950 Iudaici
812 1887 844 1973 d)
865 1891 915 1951 hic
936 1890 997 1950 illio
1019 1896 1189 1951 exornatum
1207 1896 1262 1949 est.
1297 1890 1421 1950 Aedem

191 1975 349 2037 reficiendi
379 1976 535 2049 consilinm
562 1975 700 2035 Herodes
728 1974 844 2035 ludaeis
875 1977 1030 2054 proposuit
1051 1995 1127 2035 anuo
1147 1976 1232 2054 regni
1254 1970 1306 2055 (ab
1328 1975 1421 2034 Anti·

186 2061 262 2138 vgoni
283 2059 378 2133 coede
405 2055 501 2142 ducti)
523 2058 629 2134 XVlll,
651 2060 689 2119 U.
709 2058 748 2119 0.
769 2059 960 2121 734—735
976 2055 1027 2142 e);
1058 2061 1146 2133 hinc,
1167 2060 1298 2119 advectis
1320 2060 1420 2119 omui-

191 2142 259 2217 bus,
270 2150 360 2224 'quae
379 2144 418 2206 ad
438 2163 514 2226 opus
536 2144 728 2207 efficiendum
740 2147 916 2211 ,necessario
938 2149 1031 2222 erunt,
1044 2151 1201 2226 postquam
1215 2143 1297 2205 mille
1314 2164 1420 2207 sacer·

262 2446 306 2512 lIl,
324 2445 376 2502 740
391 2466 450 2519 sqq.
517 2449 550 2515 x)
574 2449 795 2501 Tittmannus
824 2448 853 2500 in
878 2432 980 2500 melett.
1004 2447 1039 2498 ad
1062 2447 1089 2499 h.
1111 2447 1130 2500 l.
1156 2446 1287 2516 synedros
1312 2447 1418 2498 invidia

260 2513 357 2566 ductos
375 2518 502 2568 loannem
520 2517 616 2569 adiisse
634 2520 757 2584 coniicit3
783 2518 830 2587 qui
853 2529 943 2568 tamen
969 2517 1020 2567 nisi
1046 2515 1086 2566 illi
1112 2515 1254 2578 lavissent,
1280 2513 1417 2583 profecto,

260 2594 403 2652 postquam
422 2597 448 2636 et
465 2585 591 2636 Messium
610 2598 635 2636 et
654 2585 812 2655 prophetam
830 2602 859 2636 se
882 2602 939 2636 esse
955 2594 1112 2654 negaverat,
1142 2601 1176 2634 ne
1193 2581 1331 2652 baptizare
1348 2601 1418 2652 per-

261 2661 351 2717 geret,
377 2654 534 2720 vetuissent3
562 2653 595 2704 cf.
618 2653 777 2704 Kuinoel.
802 2650 836 2702 ad
853 2653 879 2704 h.
896 2652 915 2705 1.
982 2660 1012 2721 y)
1030 2651 1234 2702 Kuiuoelius
1258 2648 1370 2718 quidem
1388 2662 1418 2702 et

259 2717 411 2771 L'richius
437 2732 498 2790 post
524 2720 591 2772 alios
614 2732 641 2772 et
663 2721 691 2774 h.
709 2720 728 2771 l.
752 2731 778 2771 et
801 2739 842 2772 vr.
859 2719 901 2773 3⁵.
917 2716 959 2773 44.
982 2737 1042 2770 roc.
1068 2719 1099 2790 τῇ
1126 2711 1260 2798 ἐπαύριον
1284 2717 1358 2768 idem
1386 2735 1417 2770 ac

257 2781 329 2855 μετὰ
347 2792 431 2840 ταῦτα
449 2788 578 2840 denotare
596 2800 705 2857 putant,
731 2787 779 2839 sed
800 2806 948 2857 numquam
960 2781 980 2852 ἡ
998 2782 1131 2856 ἐπαύριον
1156 2787 1207 2837 nisr
1233 2785 1299 2835 diem
1319 2787 1417 2836 crasti-

259 2871 321 2904 num
338 2853 486 2923 significat3
512 2875 573 2906 nam
596 2856 640 2907 vel
657 2857 717 2908 loco
736 2857 802 2908 Gen.
820 2857 864 2919 30,
883 2856 924 2907 33.
940 2872 1007 2906 vers.
1026 2855 1085 2920 nt,
1110 2852 1158 2903 uhi
1181 2851 1260 2904 verba
1278 2853 1309 2924 τῇ
1328 2849 1418 2905 ἐπαύ-

259 2936 321 2987 ριον
344 2916 434 2994 ἡμέρα
460 2926 489 2973 in
516 2927 668 2975 universum
691 2923 725 2974 de
748 2935 869 2992 tempore
892 2923 983 2973 futuro
1002 2920 1074 2973 dicta
1092 2920 1224 2985 videntur,
1241 2922 1417 2990 interpretem

258 2989 347 3058 ipsum
365 2989 399 3041 de
417 2990 463 3042 die
480 2995 595 3042 crastino
613 2994 757 3060 cogitasse,
777 2994 841 3060 quia
858 2994 887 3042 in
904 2990 986 3043 Hebr.
1005 2992 1134 3059 scriptum
1157 3001 1210 3040 estt
1232 3005 1303 3058 *pm
1329 2998 1415 3082 Dl'ii,

261 3075 320 3139 quis
339 3084 393 3138 est,
421 3077 487 3145 quin
510 3079 622 3131 uideat?
690 3077 719 3141 z)
737 3077 878 3139 Paulus,
906 3077 969 3146 qui,
996 3077 1059 3144 quia
1082 3075 1142 3125 loco
1168 3058 1416 3142 lo.1‚18'.neque

259 3140 418 3192 Bethaniam
444 3144 564 3212 aliquam
586 3157 659 3196 trans
682 3144 822 3196 Iordanem
844 3148 935 3208 sitam,
971 3155 1064 3211 utpote
1091 3161 1160 3211 quae
1187 3142 1262 3192 nulla
1288 3160 1416 3210 umquam

260 3206 357 3273 fuerit,
384 3214 586 3263 commemorari
612 3212 714 3277 credit,
740 3230 828 3280 neque
853 3230 902 3281 pro
928 3213 1057 3277 Βηθανίᾳ
1083 3229 1144 3261 cum
1167 3208 1282 3277 Origene
1301 3209 1417 3278 aliisque

259 3278 412 3348 Βηθαβαρ*
439 3278 528 3347 legere
554 3279 650 3344 audet,
680 3279 714 3330 de
737 3297 768 3330 ea
792 3280 921 3330 Bethania
947 3296 1095 3330 sermonem
1122 3294 1177 3328 esse
1201 3276 1299 3328 debere
1326 3289 1415 3346 putat,

261 3362 331 3412 quae
348 3298 417 3397 stad.
436 3346 476 3398 15.
495 3347 530 3398 ah
547 3347 741 3417 Hierosolymis
764 3360 866 3398 remota
889 3359 947 3399 erat
970 3348 1020 3408 (lo.
1040 3349 1081 3408 11,
1101 3348 1165 3411 t8.).
1200 3347 1295 3412 ltaque
1312 3346 1415 3413 pundto

258 3423 321 3481 post
345 3411 453 3480 ἐγένετο
477 3417 583 3483 posito,
608 3414 690 3466 rerba
715 3416 804 3484 πέραν
827 3415 875 3466 τοῦ
899 3408 1040 3487 Ἰορδάνου
1065 3431 1125 3464 cum
1143 3431 1201 3481 sqq.
1226 3413 1257 3482 τῇ
1282 3405 1417 3480 ἐπαύριον

258 3480 353 3544 βλέπει
368 3478 418 3532 τὸν
435 3478 463 3533 ’L
483 3480 539 3550 ἐρχ.
559 3479 629 3552 πρὸς
652 3477 751 3546 αὐτόν,
775 3484 920 3551 coniungit.
961 3480 1027 3532 lude
1044 3479 1192 3543 concludit,
1211 3481 1340 3530 loannem
1357 3492 1416 3529 tum

192 3562 195 3566 “
259 3545 330 3599 sorte
348 3566 363 3599 e
380 3550 479 3600 Peraea
501 3550 658 3602 Bethaniam
680 3567 708 3602 se
733 3550 889 3613 contulisse,
917 3549 952 3600 ad
972 3567 1056 3666 1quem
1083 3547 1211 3616 synedros
1238 3564 1359 3615 unquam
1375 3547 1415 3598 le-

259 3616 395 3682 gationem
418 3618 543 3668 missuros
567 3618 663 3682 fuisse,
691 3619 743 3668 nisi
760 3617 807 3669 ille
825 3635 840 3667 e
856 3619 955 3677 Reraea
999 3615 1073 3669 erodi
1092 3616 1210 3685 Antipae
1227 3613 1364 3676 subiecta,
1389 3625 1416 3665 et

259 3683 288 3730 in
305 3681 395 3733 locum
412 3684 523 3753 quidem
541 3685 614 3736 haud
630 3685 724 3756 procul
742 3685 776 3734 ah
798 3685 997 3755 Hierosolymis
1008 3684 1145 3766 ‘dissitum
1170 3684 1300 3762 venisset,
1317 3695 1414 3751 negat3

259 3750 434 3870 ldffliii‘v‘i
446 3753 932 3889 {oiirhllii‘hiiliiiil123²?
951 3748 1415 3870 tlttttttttthnttt

260 3883 295 3933 ah
318 3887 423 3936 loannis
448 3891 556 3955 ingenio
583 3893 691 3958 prorsus
715 3888 851 3939 abhorret.
896 3889 919 3936 ls
937 3888 1008 3936 enim
1025 3888 1150 3955 partim
1167 3885 1227 3937 loca
1246 3887 1332 3935 minus
1351 3882 1416 3936 notri

260 3953 385 4021 epithetis
404 3954 564 4024 quibusdam
582 3957 731 4006 accuratius
749 3954 861 4006 definire
877 3953 947 4004 solet
966 3957 1003 4016 (r.
1024 3952 1151 4017 1,·15011.
1166 3956 1209 4016 12,
1227 3956 1275 4020 21,
1294 3959 1319 4016 2,
1342 3957 1354 4002 1
1373 3953 1416 4004 cll.

252 4018 286 4083 4,
305 4019 349 4074 46.
368 4022 406 4088 [et
423 4027 467 4083 21,
485 4024 538 4088 2.];
556 4024 584 4086 3,
603 4025 651 4090 233
670 4024 696 4088 4,
715 4023 747 4090 ὃς
765 4026 798 4086 7,
816 4023 865 4084 423
885 4025 931 4084 11,
949 4021 998 4087 543
1015 4022 1137 4090 inprimis
1157 4023 1202 4085 11,
1223 4024 1247 4072 1.
1265 4020 1309 4072 cll.
1329 4024 1371 4076 18.
1390 4032 1417 4072 et

261 4089 304 4152 12,
326 4092 359 4151 1.,
378 4089 426 4139 uhi
444 4088 478 4140 de
497 4108 527 4140 ea
545 4091 683 4153 Bethania,
710 4109 791 4160 quam
814 4089 912 4139 Paulus
930 4088 991 4140 loco
1013 4101 1105 4139 nostro
1124 4088 1222 4138 dictam
1240 4105 1295 4139 esse
1314 4099 1415 4152 censet,

259 4155 342 4216 verba
359 4154 455 4222 liunt);
480 4160 577 4226 partim
595 4161 701 4211 nonnisi
720 4170 787 4220 tum,
807 4176 889 4226 quum
906 4158 1032 4225 temporis
1054 4158 1208 4216 notationes
1228 4160 1240 4222 (
1262 4155 1330 4215 uelis
1348 4156 1376 4209 h.
1397 4157 1416 4209 Ι.

259 4228 289 4295 τῇ
309 4223 456 4294 ἐπαύριον)
474 4229 643 4295 praeponit„
657 4245 687 4278 ac
705 4245 738 4276 ne
756 4237 814 4275 tum
832 4223 941 4294 quidem
960 4242 1073 4293 semper,
1093 4174 1273 4291 coniungendi
1311 4227 1416 4276 articu-

256 4289 311 4347 lam
338 4296 450 4356 omittit,
477 4298 537 4362 ipsa
565 4298 693 4365 temporis
720 4292 876 4345 definitione
898 4292 976 4343 huius
999 4292 1146 4359 particulae
1168 4291 1259 4342 locum
1276 4243 1416 4344 ohtinente

260 4359 298 4424 (t,
318 4359 360 4411 35.
377 4360 420 4414 44.
439 4365 465 4425 2,
486 4365 527 4416 12.
546 4366 571 4423 3,
591 4365 625 4412 22
643 4362 678 4414 el.
696 4361 783 4425 0112,
803 4364 828 4413 1.
845 4360 871 4424 4,
891 4357 1002 4425 43ο1.);
1025 4362 1067 4409 sin
1104 4362 1236 4426 ostponit,
1255 4377 1270 4409 a
1288 4359 1417 4411 nectendi

258 4427 354 4476 rocula
376 4446 523 4496 numquam
547 4429 663 4481 abstinet
686 4432 726 4495 (7,
746 4433 769 4479 1.
789 4430 815 4493 8,
834 4433 876 4480 21.
895 4431 937 4491 12,
958 4431 970 4477 1
990 4427 1046 4491 al).
1081 4378 1222 4477 lraeterea
1239 4426 1369 4494 synedrio
1387 4431 1417 4478 in

258 4492 337 4543 rebus
356 4497 436 4546 sacris
456 4497 568 4547 ludaeos
597 4515 709 4548 omnes
734 4496 864 4547 subiectos
881 4495 961 4547 fuisse
979 4505 1094 4558 constat3
1121 4492 1216 4562 quidni
1240 4512 1304 4545 raro
1331 4495 1358 4546 le
1378 4497 1418 4547 ati

259 4559 382 4628 longiore
408 4566 611 4614 errant-itinere
638 4564 672 4614 ad
697 4565 844 4632 baptistam
870 4562 1030 4614 contendere
1056 4563 1298 4631 potuerint„non
1324 4515 1417 4615 rideo.

258 4629 287 4692 r)
305 4631 367 4680 los.
384 4628 448 4682 Ant.
467 4628 509 4694 15,
529 4633 571 4695 11,
589 4632 615 4686 5.
633 4631 659 4684 6.
729 4634 758 4697 d)
777 4631 846 4684 lbid.
863 4635 906 4693 20,
922 4635 948 4697 9,
966 4635 990 4682 7.
1059 4630 1084 4689 e)
1109 4628 1249 4683 lomhnt.
1269 4629 1310 4694 15,
1329 4634 1373 4696 11,
1390 4639 1417 4687 1.

197 4712 199 4716 ³
260 4694 314 4766 Qui
332 4697 395 4766 quia
413 4698 443 4749 B.
461 4699 480 4750 1.
500 4700 587 4773 ptr,
606 4702 631 4752 1.
662 4716 721 4751 eam
738 4716 795 4751 rem
816 4698 931 4752 Herodis
954 4715 1024 4750 anno
1046 4698 1103 4750 XV
1121 4697 1232 4763 tribuit,
1259 4698 1326 4751 haec
1343 4717 1418 4752 nuuc
