2956 5168
126 148 169 211 82
549 148 635 212 CAP.
656 148 679 209 l.
722 147 777 210 bu
798 148 921 223 ANNO,

126 326 262 383 maturae
281 327 352 401 post
372 320 437 382 dies
457 318 592 383 sedecim
613 319 780 401 exspectari
800 327 934 400 possent
986 319 1070 400 Opus
1091 323 1184 402 igitur
1205 330 1291 400 erat,
1322 334 1356 388 ut

125 413 190 468 ham
220 408 334 469 mensis
364 425 442 466 uuus
473 424 550 465 anno
583 405 762 479 adderetur,
800 407 869 485 qui,
901 405 969 484 quia
997 406 1129 466 Aderam
1159 411 1355 489 sequebatur,

124 490 275 553 secundus
297 492 452 553 dicebatur
471 491 590 553 Adarus
612 486 728 575 (aaut)
741 486 788 570 g),
838 490 944 569 Neque
966 508 1037 551 vero
1059 512 1111 567 ea,
1144 508 1234 572 quam
1253 496 1356 571 attuli,

124 577 190 638 sola
220 584 286 638 erat
316 576 511 637 intercalandi
539 594 644 650 causa,
687 577 767 635 nam'
789 575 817 635 si
848 575 896 634 vel
929 576 1051 637 arbores
1084 579 1190 640 baccas
1221 583 1357 644 noudum

123 662 326 743 protulerant,
357 661 404 721 vei
431 661 572 720 imbrium
590 661 629 720 -vi
657 667 766 740 pontes
787 659 933 720 destructi
959 663 1142 741 semitaeque
1163 665 1261 743 inviae
1282 667 1355 727 red·

125 749 221 823 ditae,
253 747 302 807 vel
329 745 410 807 furni
439 747 523 824 agnis
543 745 734 824 paschalibus
764 745 899 804 assandis
922 744 1062 808 destinati
1082 749 1163 826 rupti
1184 756 1283 826 erant,
1304 751 1353 812 uel

124 833 226 892 ludaei
256 832 361 911 procul
392 831 562 892 habitantes
594 831 652 891 iter
683 830 804 909 quidem
836 829 1137 911 Hierosolymitaunm
1169 834 1206 894 ad
1238 836 1353 914 pascha

123 917 336 978 celebrandum
368 916 496 996 ingressi
525 923 626 990 erant,
660 934 757 994 oeque
786 920 884 974 tameo
915 915 994 975 iusto
1021 923 1157 996 tempore
1178 918 1285 980 urbem
1307 927 1352 981 at·

123 1004 242 1082 tingere
263 1007 418 1083 poterant,
447 1001 559 1061 mensis
582 1001 715 1061 decimus
737 1000 844 1059 tertius
867 998 935 1059 addi
956 998 1073 1062 solebat
1088 997 1132 1084 d).
1176 1003 1291 1080 Quibus
1313 1006 1353 1066 de

123 1089 221 1147 causis
252 1105 428 1165 quamquam
448 1104 569 1165 magna*
583 1091 647 1145 erat
669 1085 866 1164 synedrorum
888 1081 950 1166 (his
973 1086 1051 1145 euim
1072 1086 1103 1146 id
1123 1088 1237 1167 negotii
1257 1090 1365 1150 tradi-¹

6 1200 10 1209 =
122 1178 186 1232 tum
209 1168 288 1252 erat)
315 1172 347 1230 in
374 1169 574 1231 intercalando
595 1170 727 1244 licentia,
750 1170 805 1230 has
827 1176 927 1231 umen
947 1169 991 1229 illi
1011 1171 1131 1251 regulas
1153 1173 1248 1233 secuti
1270 1170 1352 1249 sunt,

123 1263 157 1317 ut
179 1275 234 1316 nec
263 1274 391 1338 unquam
420 1255 531 1329 tribus,
564 1274 621 1314 nec
643 1256 701 1314 nisi
721 1274 836 1315 summu
857 1256 1036 1316 necessitate
1057 1263 1201 1336 argente,
1234 1258 1350 1321 duobus

123 1343 210 1402 aunis
241 1342 388 1401 continuis
406 1335 458 1424 i),
500 1359 597 1418 oeque
628 1360 705 1399 anno
737 1340 906 1413 sabbatino,
939 1360 997 1418 quo
1028 1341 1065 1401 ab
1094 1363 1234 1421 agrorum
1268 1343 1351 1405 cultu

123 1426 333 1486 abstinendum
355 1420 436 1500 erat,
457 1425 590 1485 Adarum
611 1425 737 1485 alterum
759 1425 939 1499 adiicerent,
962 1445 1030 1484 euna
1051 1446 1122 1486 uero
1143 1446 1270 1503 auruum,
1299 1429 1351 1508 qui

28 1514 31 1519 ’
78 1519 84 1583 ’,
123 1512 309 1573 sabbaticum
330 1511 537 1587 antecedebat,
558 1529 663 1572 mense
682 1529 742 1570 uno
762 1509 928 1590 longiorem
949 1510 1112 1575 redderent
1126 1508 1171 1590 t),

124 1715 326 1727 ...ι-...ι-

200 1883 296 1951 serius)
313 1881 463 1947 incideret3
482 1899 536 1951 quo
552 1881 614 1933 loco
631 1891 720 1931 utrum
739 1880 939 1950 aequinoctium
955 1879 1161 1950 intelligendum
1178 1882 1222 1945 sit,
1239 1883 1352 1936 rabbini

189 1950 267 2002 hadas
284 1961 312 2002 et
329 1950 440 2006 Simeon
457 1968 518 2002 curn
535 1951 594 2001 lose
614 1951 727 2019 aliisque
744 1949 898 2018 disputant,
923 1948 978 1999 illis
996 1949 1030 2000 de
1048 1951 1229 2017 auctumnali,
1254 1952 1297 2003 his
1314 1952 1351 2004 da

189 2037 270 2070 verno
289 2017 479 2086 cogitantibus.
521 2017 643 2068 Alteram
659 2028 764 2087 partem
781 2019 804 2068 si
820 2029 928 2068 secutus
944 2016 1036 2082 fueris,
1054 2017 1166 2071 ludaeos
1184 2031 1242 2070 tum
1260 2022 1351 2072 intes-

190 2087 299 2136 calasse'1
316 2084 450 2140 censebis.
485 2102 568 2153 quum
600 2084 803 2155 praeviderent,
831 2103 862 2136 ae
883 2087 1030 2136 uinoctiuut
1052 2104 1165 2136 vernum
1192 2086 1236 2139 die
1253 2089 1350 2140 Nisani

190 2155 258 2205 XVI
276 2152 319 2204 vei
336 2155 419 2204 aerius
436 2150 558 2203 futurum
576 2171 647 2217 esse,
673 2155 714 2203 siu
731 2163 834 2222 partem
852 2104 979 2216 aiteram,
998 2170 1043 2203 eos
1059 2153 1182 2204 Adarum
1199 2154 1350 2219 secundum

190 2219 328 2271 addidisse
352 2219 457 2284 crede,
484 2239 567 2289 quum
593 2222 791 2290 aequinoctium
819 2220 989 2271 auctumnale
1015 2238 1076 2271 cum
1100 2223 1182 2272 Tisrii
1209 2223 1254 2274 die
1281 2224 1350 2276 xvi

190 2299 384 2340 conventurum
418 2305 459 2338 sse
477 2291 584 2340 scirent.
651 2289 687 2357 g)
703 2290 831 2359 Egregie,
856 2306 926 2357 quae
947 2286 1084 2358 hucusque
1108 2289 1141 2341 de
1164 2292 1228 2342 anni
1245 2290 1350 2344 Iudaici

190 2357 276 2407 forma
294 2355 454 2418 dictasunt,
473 2356 595 2406 Galeni
613 2355 674 2409 loco
692 2357 859 2407 illustrantur
878 2361 986 2420 (comm.
1006 2358 1025 2408 1.
1045 2359 1073 2406 in
1087 2358 1260 2428 Hippocratis
1285 2361 1349 2431 epi-

190 2423 263 2474 dem.
281 2423 301 2476 l.
319 2425 340 2475 1.
359 2423 402 2477 ed.
421 2423 511 2478 Kilbn.
530 2435 594 2476 torn.
610 2425 700 2483 XVll,
718 2424 827 2494 p,23.):
846 2426 903 2481 τοῖς
919 2419 989 2475 κατὰ
1007 2425 1195 2490 Παλαιστίνην
1211 2423 1350 2497 ἀριθμοῦ·

190 2506 237 2543 σιν
255 2492 282 2544 οἱ
299 2487 409 2543 δώδεκα
431 2493 515 2560 μῆνες
540 2489 660 2560 ἀριθμὸς
685 2487 796 2560 ἡμερῶν
820 2495 945 2561 γίνονται
962 2486 1019 2542 rrd‘
1044 2492 1131 2561 (354).
1163 2490 1276 2563 Ἐπειδὴ
1294 2491 1349 2566 γὰρ

191 2555 206 2616 ὁ
225 2556 282 2611 ἀπὸ
301 2553 422 2612 συνόδου
440 2560 485 2625 τῆς
509 2556 579 2628 πρὸς
603 2557 682 2625 ἥλιον
704 2557 786 2627 αὐτῆς
806 2552 909 2627 χρόνος
929 2553 996 2630 ἄχρι
1012 2556 1102 2626 πάσης
1124 2555 1207 2627 ἄλλης
1222 2554 1347 2615 συνόδου

190 2626 261 2746 ιν
341 2620 375 2746 t
388 2623 683 2747 redeunte
701 2621 1116 2758 tut{tuturus
1130 2625 1349 2757 uiuis

191 2713 438 2844 diiAEffllhqfr&
455 2714 554 2829 ἓζῐροιῖ)
565 2715 658 2815 αυτιῗῖν
673 2713 720 2814 {3²
735 2714 817 2829 (ὢ)
827 2713 947 2832 oqupm
962 2697 1157 2833 ἓργαζόῗιιινοιῖ
1170 2713 1347 2820 ζέιῗυδῖινὲτεε-

191 2847 242 2897 ρον
263 2836 285 2882 θ
316 2834 363 2882 καὶ
380 2824 414 2883 κ’.
454 2825 661 2901 >trapecitarum
686 2830 834 2902 τοιγαροῦν
859 2831 886 2882 οἱ
912 2825 997 2890 οὕτως
1020 2825 1135 2900 ἄγοντες
1158 2830 1222 2891 τοὺς
1245 2837 1346 2905 μῆνας,

191 2894 285 2970 ludite
311 2893 345 2952 όν
361 2897 422 2950 τινα
439 2902 543 2963 ποιεῖν,
571 2893 638 2951 ὅταν
662 2899 773 2968 πρῶτον
794 2895 934 2972 ἀθροισθῇ
950 2896 981 2950 τὸ
1000 2903 1055 2950 τῶν
1071 2898 1234 2968 ἔμπροσθεν
1251 2900 1347 2952 ἐνιαυ-

190 2972 247 3020 ιῶν
264 2967 278 3018 ἔ
294 2969 391 3035 λειμα,
409 2967 456 3017 καὶ
492 2969 578 3019 tuscus
622 2962 702 3038 ρόνος
720 2965 781 3025 ἑνὸς
795 2960 892 3036 μηνός.
970 2966 1001 3033 t)
1020 2963 1061 3018 cf.
1079 2984 1248 3034 gemaram
1266 2969 1346 3020 bie-

191 3053 254 3088 ros.
282 3035 356 3087 sanh.
375 3053 398 3087 c.
421 3038 444 3099 1,
465 2985 492 3100 p
506 3041 530 3089 i.
550 2985 622 3086 boii
641 3033 708 3085 ibid.
727 3033 776 3086 iol.
798 3039 838 3096 13,
856 3053 884 3104 p.
907 3036 931 3084 1.
949 3033 1105 3086 Maimon.
1121 3034 1141 3086 l.
1161 3035 1180 3085 l.
1200 3055 1223 3088 c.
1241 3034 1268 3101 4,
1289 3034 1345 3103 §.2

191 3120 221 3187 ι)
239 3121 379 3171 aeman
397 3129 511 3188 utraque
524 3119 593 3173 nn.
616 3123 647 3173 ιι
662 3122 735 3175 anu
751 3123 781 3173 tr
799 3115 875 3169 bran
893 3104 969 3172 obn
983 3118 1102 3239 paam
1120 3120 1188 3194 pur
1205 3138 1283 3187 „non
1302 3123 1348 3170 r„-

191 3185 359 3239 tercalebant
374 3185 462 3238 tribus
480 3188 556 3237 annis
574 3187 663 3239 altero.
675 3201 737 3258 post
755 3187 900 3253 ulterum‚“
923 3187 986 3240 ride
998 3191 1050 3240 icet
1068 3190 1141 3257 quia,
1167 3190 1207 3238 uti
1224 3189 1347 3240 scholion

191 3255 226 3306 ad
244 3273 312 3324 gem.
330 3252 393 3306 bab.
410 3253 430 3304 l.
448 3254 468 3306 l.
488 3253 579 3322 addit,
598 3258 621 3306 si
639 3256 688 3307 hac
705 3257 809 3307 ratione
827 3274 958 3307 annorum
975 3257 1099 3309 ordinem
1115 3256 1277 3317 turbassent,
1297 3257 1348 3307 Ni-

189 3342 268 3375 sanus
287 3324 350 3373 unni
367 3323 440 3373 tertii
457 3322 486 3372 in
504 3321 621 3373 medium
637 3323 777 3376 incidisset
801 3333 936 3375 aestatem.
971 3324 1085 3375 Duobus
1111 3326 1186 3374 annis
1212 3326 1347 3376 continuis

189 3391 261 3442 solus
278 3389 368 3439 Aniba
387 3388 516 3440 rabbinus
534 3408 636 3443 menses
653 3393 718 3443 xiii
734 3391 859 3461 tribuisse
877 3390 962 3443 fertur
968 3427 976 3455 ,
1004 3391 1037 3444 cf.
1054 3391 1219 3444 Aban-Esra
1236 3394 1267 3443 in
1283 3393 1348 3445 Les.

190 3478 213 3510 c.
232 3458 325 3509 XXlll
343 3456 485 3524 (laudante
503 3456 573 3510 Sam.
589 3458 687 3519 Petito,
707 3460 790 3527 eclog.
810 3459 900 3511 chron.
913 3461 995 3514 Paris.
1015 3461 1092 3524 ¹632,
1110 3459 1147 3516 4.,
1171 3479 1195 3512 c.
1213 3463 1241 3524 2,
1258 3479 1288 3530 p.
1312 3461 1346 3512 ll:

187 3529 240 3595 aab
264 3543 331 3594 aru
351 3543 424 3596 nun
443 3536 509 3594 aru
536 3544 681 3599 assason
708 3543 786 3595 narn
813 3546 876 3597 *un
898 3543 990 3616 napo
1018 3526 1170 3618 αππιαν-ι
1186 3529 1225 3600 in
1241 3544 1347 3603 tanna

185 3630 287 3681 natm
312 3624 420 3701 *thibi
443 3629 608 3695 „rabbinum
624 3630 744 3687 Alibana
767 3629 835 3682 duos
860 3648 943 3682 annos
966 3631 1138 3683 intercalares
1155 3629 1269 3682 alterum
1287 3641 1350 3701 post

190 3698 305 3749 alterum
329 3695 421 3748 fixisse
444 3697 537 3749 dicunt
581 3710 673 3768 ropter
694 3701 824 3768 temporis
846 3700 1062 3755 necessitatem.“
1147 3696 1176 3764 t)
1203 3698 1348 3750 Gomara

190 3778 304 3835 utraque
328 3766 359 3817 ll.
384 3763 415 3817 ll.
451 3777 478 3817 et
502 3717 586 3818 schol.
615 3765 650 3816 ad
684 3785 752 3835 gem.
781 3767 843 3821 bab.
879 3766 961 3819 Sanb.
989 3785 1013 3821 c.
1041 3768 1072 3830 1,
1097 3764 1148 3819 iol.
1178 3769 1221 3831 ll,
1248 3785 1279 3837 p.
1305 3771 1348 3820 2:
1377 3803 1381 3809 -

185 3851 308 3902 ananan
340 3848 467 3905 annana
490 3836 548 3904 sbi
573 3851 717 3902 aenean:
739 3838 781 3907 nb
804 3853 896 3903 anun
918 3853 966 3904 ιια
982 3851 1101 3925 traam
1117 3850 1170 3924 pa
1205 3869 1284 3917 „non
1301 3852 1349 3902 sn-

189 3919 356 3971 tercalabant
373 3938 443 3972 anno
460 3921 574 3989 septimo
591 3920 766 3989 (sabbatico),
784 3939 875 3990 neque
890 3922 966 3972 exitu
984 3923 1047 3971 anni
1064 3921 1200 3990 septimi.“
1232 3918 1349 3975 Schol.

190 4002 225 4053 aa
240 4004 267 4056 h.
282 4005 315 4058 a:
333 3990 391 4059 nit
416 4007 525 4076 tapso
540 4005 642 4059 aaran
657 4005 757 4059 aruns
774 3992 867 4080 ,urbs
884 4005 1054 4081 parason
1070 3991 1125 4058 aab
1144 4003 1293 4056 anteana
1305 3991 1348 4059 sb

188 4087 290 4144 *riom
312 4077 407 4162 turbs
428 4089 583 4166 paruitas
605 4075 688 4166 quon
712 4079 807 4144 aban
832 4079 885 4147 *ab
908 4093 1050 4144 nerano:
1079 4091 1201 4143 ananau
1217 4088 1348 4143 *aaran

187 4176 306 4231 unt-qm
343 4180 448 4229 „neque
472 4179 542 4211 ιιιιιιο
569 4165 692 4230 septimo,
719 4179 753 4212 ne
779 4160 970 4231 produceretur
995 4161 1147 4214 hominibus
1172 4158 1349 4212 interdictum

190 4263 315 4312 agrorum
339 4245 533 4298 colendorum“
553 4249 585 4314 (i.
605 4265 637 4310 e.‚
655 4265 690 4298 ne
707 4257 826 4317 ternpus,
846 4266 900 4316 quo
918 4247 952 4299 ab
970 4265 1093 4316 agrorum
1111 4246 1185 4298 cultu
1202 4244 1348 4297 abstinen-

190 4311 256 4362 dum
282 4324 354 4379 erat,
378 4313 483 4383 longius
508 4314 695 4382 redderetur)3
719 4335 800 4384 neque
822 4318 897 4367 exitu
915 4317 980 4364 anni
1004 4315 1115 4384 septimi,
1152 4312 1181 4364 id
1198 4324 1248 4377 est,
1276 4330 1348 4365 anno

191 4392 300 4445 octavo,
331 4400 380 4447 ns,
408 4382 469 4432 cibo
491 4394 580 4434 uetere
607 4394 761 4448 consumto,
807 4382 978 4435 reduceretur
1002 4384 1035 4433 iis
1060 4380 1234 4432 interdictum
1258 4383 1349 4431 no'vi“

190 4447 224 4511 (i.
243 4466 268 4504 e.
286 4467 321 4500 na
337 4460 456 4518 tempus,
476 4468 530 4518 quo
547 4468 618 4502 novo
635 4453 705 4502 vesci
723 4401 907 4516 nondicebat,
925 4450 1144 4521 prolongaretur3
1167 4465 1255 4517 neque
1274 4450 1349 4499 enim

192 4527 254 4567 ante
272 4515 344 4568 diem
362 4535 519 4585 azymorum
541 4518 688 4569 secundum
711 4531 810 4571 metere
836 4521 992 4587 permissum
1018 4528 1077 4569 erat
1110 4518 1201 4584 [Len.
1227 4517 1277 4578 23,
1304 4512 1349 4570 14.

189 4599 505 4682 102.nnt.a,‘10,5.]).
522 4602 782 4670 rergunagemarae:
800 4602 921 4655 ananan
938 4593 1004 4657 aar
1021 4587 1106 4657 narb
1122 4588 1225 4686 phua
1242 4601 1349 4654 annas

189 4667 352 4740 „ecquando
369 4669 529 4722 intercalare
546 4673 666 4723 consueti
684 4669 779 4723 erant?
800 4675 906 4742 vesperi
924 4674 987 4724 anni
1004 4671 1168 4738 sabbatict,“
1190 4674 1255 4722 i..e.
1274 4688 1349 4722 anno
