2956 5168
406 230 601 298 aunuum
621 233 680 296 nr
703 233 982 298 munierum.
1175 199 1180 205 ’
1246 237 1310 301 us

81 409 112 456 in
128 405 186 458 cod.
206 407 250 459 47.
274 415 299 455 et
322 406 392 470 235,
416 419 533 486 pirorum
562 403 631 454 ulter
652 421 703 456 see.
727 403 803 470 XV.,
823 403 893 457 alter
915 402 994 453 XIV.
1016 403 1202 472 scriptusest,
1227 416 1253 457 et
1280 407 1310 456 in

79 471 269 542 evangeliariis
287 470 403 538 desunt,
426 489 456 522 m
475 470 572 541 quibus
589 471 655 522 talia
672 472 705 522 ab
722 473 799 521 initio
817 470 1017 540 auagncsmatis
1035 472 1133 523 omissa
1151 489 1219 536 esse,
1247 475 1319 556 quis·
1337 474 1339 483 '

67 551 132 609 ·est,
151 541 200 610 qui
217 537 348 591 miretur?
383 540 479 609 Neque
496 539 579 590 ullius
596 551 638 591 est
653 541 801 605 momenti,
822 539 897 609 quod
912 534 982 609 μετὰ
998 543 1084 590 ταῦτα
1104 557 1164 590 cunr
1179 539 1236 609 μετ’
1256 560 1309 594 uu-
1416 554 1419 561 '

79 613 138 662 cciv
153 618 321 678 permutatur
346 607 376 656 in
401 607 463 660 cod.
480 612 523 660 23.
552 624 605 659 sec.
623 608 684 674 xl,
702 609 733 658 in
749 625 817 659 vers.
835 607 907 659 Slar.
926 612 952 660 3.
972 625 1025 660 sec.
1044 609 1120 662 XIV.
1139 619 1167 658 et
1184 627 1200 658 a
1218 605 1309 679 chry-

80 688 200 729 sostomo
218 694 261 744 ap.
278 679 378 728 Wetst.
414 674 495 743 Quod
516 693 579 727 vero
598 673 693 726 eedem
709 675 805 743 rerba,
833 676 928 746 quum
942 677 973 725 iu
996 674 1074 728 codd.
1091 675 1215 746 plurimis
1229 689 1308 745 post·

77 755 215 813 ponantur
238 744 363 795 vocibus:
381 737 541 813 περιεπάτει
558 737 572 797 ὁ
587 740 698 809 Ἰησοῦς,
717 755 813 795 ‘tamen
831 743 978 806 innuitis,
996 744 1084 814 iisque
1101 745 1308 812 antiquioribus,

80 811 179 864 iisdem
203 822 411 880 anteponuntur,
439 810 471 862 id
493 823 597 863 tantum
615 810 704 876 abest,
733 822 763 861 ut
778 813 906 862 seriorem
926 830 1019 863 eorum
1037 813 1167 881 originem
1186 824 1308 879 testetur,

35 924 40 941 ,
80 891 113 931 ut
127 882 274 931 rectissime
291 879 356 932 inde
373 879 517 941 derivetur,
537 877 613 948 quod
628 878 732 929 librarii
749 880 877 930 Ioannem
894 879 960 930 elihi
973 879 1010 946 (v.
1023 900 1047 949 g.
1057 885 1086 944 3,
1098 884 1141 933 22.
1158 885 1186 946 5,
1198 886 1223 932 1.
1240 887 1267 944 s,
1280 885 1306 932 1.

81 953 125 1010 19,
143 953 184 1001 38.
203 949 270 1014 [21,
288 948 354 1016 1.])
386 941 455 1016 μετὰ
485 948 569 999 ταῦτα
600 946 634 998 ab
662 948 742 997 initio
771 949 974 998 sententiarum
992 950 1308 1018 ponereumeminerant.

79 1015 153 1084 (Καὶ
169 1027 260 1066 utrum
277 1018 311 1067 sit
327 1015 508 1080 retinendum,
526 1033 620 1081 necue,
641 1012 791 1066 diiudicare
807 1034 864 1067 aon
881 1014 992 1082 audeo.)
1010 1044 1045 1055 -
1112 1019 1166 1066 Ac
1185 1037 1211 1084 p.
1222 1023 1258 1070 26
1269 1036 1308 1082 sq.

80 1096 137 1136 not.
161 1085 180 1134 i.
214 1085 301 1136 Iesum
346 1102 376 1136 er
399 1084 604 1153 quinquennium
625 1081 758 1144 docuime,
782 1083 985 1135 Theilius
1018 1087 1059 1150 (n.
1077 1085 1141 1139 krit.
1159 1085 1251 1137 Journ.
1268 1085 1317 1153 V,'

80 1171 109 1223 p.
126 1156 186 1204 409.
205 1152 295 1216 not),
323 1102 548 1204 detruderes
576 1150 617 1220 (d.
635 1151 689 1221 Ap.
705 1150 824 1215 Paulus,
860 1163 923 1204 tom.
940 1152 974 1203 11.
1001 1151 1033 1201 Li
1055 1169 1077 1204 s.
1097 1157 1180 1214 1332,
1208 1172 1235 1222 p.
1253 1155 1308 1220 81.)

80 1221 246 1272 existimant.
265 1219 391 1274 Ceteram
410 1218 485 1290 quod
500 1220 671 1271 Kaiserus
688 1218 769 1287 (bibl.
787 1219 884 1273 Theol.
901 1221 922 1281 I,
940 1239 967 1290 p.
979 1171 1054 1287 239.)
1072 1231 1134 1290 post
1151 1220 1218 1271 ahos
1237 1239 1309 1273 con-

80 1287 189 1353 tendit,
208 1308 243 1339 ex
259 1290 367 1340 Ioannis
385 1306 425 1340 ev.
444 1287 605 1340 hocsolum
618 1286 704 1354 disci,
724 1283 860 1339 Christum
878 1305 933 1339 non
949 1288 1038 1338 minus
1057 1305 1089 1339 eo
1107 1291 1204 1357 spatio,
1233 1288 1309 1359 quod

80 1355 167 1406 tribus
185 1357 343 1424 paschatum
361 1355 435 1407 festis
451 1356 641 1426 interpositum
659 1355 757 1422 luerit,
775 1354 897 1406 docendo
917 1358 1049 1422 exegisse,
1067 1373 1155 1426 neque
1174 1374 1254 1421 vero,
1273 1375 1309 1408 an

81 1423 203 1474 homines
216 1423 317 1475 diutius
330 1425 487 1488 instituerit,
500 1424 675 1503 perspici,.id
685 1424 772 1474 minus
784 1433 856 1473 recte
868 1439 895 1473 se
912 1421 1022 1486 habere,
1043 1426 1120 1474 exiis
1131 1435 1216 1492 petet,
1238 1443 1308 1494 quae

81 1497 462 1611 trititittitltli.
474 1492 588 1612 iiii
590 1489 941 1610 lsili'ziz‘ttlltt
953 1508 1044 1624 1111
1047 1493 1309 1628 3133ξὲἒὶὲί3

81 1627 215 1679 iuvenisse
232 1628 285 1679 sihi
301 1628 374 1683 risus
392 1630 478 1680 estin
495 1627 600 1696 Iosephi
617 1626 683 1678 Aut.
702 1632 743 1690 18,
761 1632 788 1689 5,
806 1631 829 1678 1.
848 1626 892 1678 cll.
909 1629 936 1686 4,
957 1632 981 1680 6.
1014 1627 1122 1677 Etenim
1139 1627 1213 1693 inde,
1233 1628 1309 1699 quod

10 1697 19 1710 ‘
81 1695 189 1747 Flavius
206 1696 232 1747 h.
252 1695 271 1748 l.
288 1695 400 1760 bellurn,
420 1712 474 1765 quo
491 1695 589 1746 Aretes
607 1693 744 1746 Herodem
760 1694 893 1763 Antipam
929 1705 1022 1765 ropter
1037 1692 1121 1744 filiam
1138 1694 1308 1764 repudiatam

81 1765 207 1833 petierit,
224 1763 371 1833 Philippo,
400 1762 520 1832 Antipae
537 1761 636 1826 fratre,
666 1761 778 1814 vixdum
794 1774 900 1812 mortuo
909 1713 953 1830 [19]
973 1763 1002 1828 (i.
1020 1780 1052 1826 e.‚
1071 1774 1102 1812 ut
1120 1752 1307 1832 Schrl'putat,

81 1841 227 1882 auctumno
246 1829 284 1898 [l]
302 1850 327 1882 a.
347 1830 404 1898 34.)
430 1832 539 1882 initium
557 1834 672 1901 ceperit,
701 1828 802 1881 Aretae
826 1828 1018 1887 filiamvernc
1044 1841 1114 1881 certe
1137 1831 1216 1893 huius
1242 1833 1308 1884 anui

81 1907 203 1969 tempore
229 1899 264 1948 ad
289 1910 393 1969 patrem
415 1899 542 1964 rediisse,
571 1898 718 1968 eademque
743 1909 830 1949 aetate
847 1896 1169 1968 Herodiadem‘Antipae
1185 1901 1308 1968 nupsisse

83 1966 229 2020 concludit.
271 1965 331 2038 Qua
355 1967 390 2018 de
407 1985 487 2018 causa
504 1984 553 2018 nec
571 1968 701 2018 loannem
726 1965 884 2035 baptistam,
911 1967 958 2036 qui
980 1977 1040 2016 tum
1068 1965 1193 2031 demum,
1224 1986 1308 2036 quum
1364 2018 1367 2023 ,

80 2035 218 2087 tetrarcha
225 2034 407 2087 Herodiadem
424 2036 479 2085 iam
496 2032 630 2097 duxisset,
648 2032 724 2084 illius
741 2035 824 2102 gratia
841 2033 976 2085 exciderit
1002 2044 1038 2098 et,
1056 2037 1212 2104 priusquam
1230 2036 1308 2086 occi-

83 2102 212 2166 deretur,
238 2103 275 2153 ali
296 2102 408 2153 uamdiu
431 2104 460 2153 iu
482 2120 587 2153 carcere
605 2099 697 2165 luerit,
716 2112 778 2152 ante
795 2101 894 2171 pascha
913 2120 936 2155 a.
953 2073 1006 2167 31.,
1023 2119 1112 2171 neque
1128 2104 1214 2153 lesum
1232 2105 1310 2171 prius

83 2187 107 2220 a.
119 2174 163 2220 35.
181 2122 317 2239 supplido
335 2167 462 2220 affectum
477 2187 535 2221 esse
552 2171 663 2231 statuit,
681 2187 846 2238 quamquam
862 2186 950 2238 neque
966 2169 1051 2220 serius
1068 2188 1111 2221 eas
1128 2187 1170 2222 ree
1185 2169 1308 2223 accidere

82 2239 203 2305 potuisse
219 2248 325 2299 mouet,
353 2237 417 2306 quia
433 2238 533 2289 Pilatus
551 2253 710 2307 azymorum
726 2236 796 2288 festo
814 2255 838 2289 a.
855 2241 896 2290 36.
913 2254 971 2287 non
988 2239 1102 2308 amplius
1119 2238 1148 2288 iu
1185 2240 1306 2290 revincie

83 2303 197 2372 degerit.
241 2303 297 2356 Sed
313 2310 343 2354 ut
359 2305 423 2370 elie,
450 2305 479 2355 in
508 2304 605 2374 quibus
623 2305 698 2356 Schr.
725 2306 844 2369 erravit,
873 2305 1046 2356 omittamus=
1080 2306 1153 2358 Hero
1173 2305 1264 2357 iadem
1281 2314 1309 2361 a.

81 2384 156 2424 certe
172 2376 224 2437 32,
242 2370 287 2424 rel
303 2374 414 2424 ineunte
430 2389 455 2423 a.
474 2376 528 2436 33.,
544 2375 599 2423 iam
615 2372 697 2423 fuisse
713 2371 835 2442 Antipae
852 2390 974 2434 uxorem,
989 2391 1024 2424 ex
1040 2373 1154 2442 Iosepho
1172 2373 1307 2430 discimus.

82 2441 107 2492 Is
123 2441 199 2492 ¹enim
228 2440 308 2508 (Ant.
330 2439 557 2506 -1s,s,1-3.)
603 2439 670 2508 Agri
690 2459 754 2519 pam
781 2443 865 2506 (eum,
892 2441 940 2509 qui
964 2442 1049 2492 serius
1073 2441 1233 2494 Iudaeorum
1252 2439 1308 2495 ⁸reu
1331 2436 1334 2445 “

82 2519 187 2560 creatus
204 2509 273 2574 est),
304 2509 368 2578 quie
386 2508 529 2571 Tiberius,
556 2507 639 2558 Drusi
657 2460 707 2558 filii
723 2519 809 2558 morte
828 2507 940 2570 dolens,
967 2507 1047 2559 liuius
1073 2510 1172 2560 amicos
1189 2512 1219 2559 iu
1236 2527 1307 2562 con-

81 2593 96 2627 s
117 2588 205 2629 ectum
222 2595 300 2628 suum
316 2575 409 2629 venire
426 2577 553 2642 vetuerit,
569 2574 654 2626 Roma
670 2562 812 2627 relicte'in
828 2575 1007 2626 Palaestinam
1024 2578 1144 2640 venisse,
1168 2589 1203 2640 et,
1222 2596 1307 2646 quum

84 2595 121 2696 ob
133 2646 202 2696 aeris
214 2645 296 2696 alieni
313 2644 413 2696 molem
429 2646 483 2696 vim
500 2641 553 2695 sihi
568 2642 669 2701 inferre
685 2643 829 2695 meditatus
846 2644 890 2709 sit,
902 2643 936 2693 ah
948 2645 1051 2712 Autipa
1061 2644 1230 2695 sublevatum
1249 2663 1307 2698 esse

28 2734 30 2739 ·
83 2724 191 2778 narret,
210 2714 270 2783 qui,
295 2712 458 2764 Herodiadis
479 2713 569 2764 uxoris
591 2710 718 2782 precihus
745 2699 892 2781 permotio,
917 2721 1023 2773 certem
1052 2712 1077 2763 ei
1100 2713 1243 2782 pecuniam
1271 2714 1308 2766 s'it

82 2780 205 2849 largitus.
239 2779 295 2832 Sed
311 2780 387 2832 brevi
402 2779 601 2850 post,'dlssidio
619 2780 852 2848 intertutrumque
870 2791 940 2843 orto,
958 2779 983 2829 A
1002 2782 1108 2849 rippam
1125 2779 1160 2830 ad
1170 2779 1305 2849 Flaccum,

83 2848 182 2920 Syriae
190 2848 360 2967 (praesidem,
376 2865 405 2900 se
417 2847 570 2915 contulisse,
589 2846 636 2897 ubi
654 2845 821 2916 aliquamdiu
838 2858 968 2912 versatus,
985 2800 1084 2898 iraude
1101 2844 1217 2916 quadam
1235 2866 1305 2900 con-

83 2927 173 2988 cepte,
220 2915 328 2968 scedere
345 2917 431 2968 iussus
448 2917 491 2968 sit.
541 2915 583 2973 Ac
602 2915 707 2966 Drusus
725 2913 835 2985 quidem
852 2916 905 2964 iem
923 2933 947 2969 e.
964 2919 1005 2968 23.
1025 2914 1094 2966 obiit
1118 2916 1215 2984 (Tac.
1233 2917 1306 2972 Amr.

51 3029 54 3032 ,
82 2989 111 3048 4,
123 2984 176 3052 8.),
195 3002 282 3053 neque
298 2996 391 3036 tamen
401 2983 542 3037 Tiberium
554 2986 647 3036 statim
662 2993 724 3054 post
741 2982 797 3034 eius
814 2992 928 3033 mortem
944 2983 984 3051 (r.
1001 2983 1076 3034 Tac.
1092 2983 1111 3038 1.
1124 2988 1147 3037 c.
1165 2995 1192 3036 et
1203 3003 1225 3038 c.
1240 2983 1305 3054 13),

81 3050 133 3104 sed
149 3052 232 3104 serius
249 3051 375 3116 demum,
393 3070 493 3122 quum,
507 3051 605 3104 Seiano
623 3069 647 3105 a.
668 3050 695 3104 tl.
712 3051 778 3102 XV.
801 3049 861 3102 Kal.
879 3050 947 3102 Nor.
967 3053 1030 3102 anni
1052 3055 1094 3104 31.
1112 3053 1212 3118 (Tac.
1235 3052 1304 3106 ibid.

33 3164 39 3171 .
82 3125 109 3188 6,
127 3122 181 3188 26.)
198 3119 351 3181 interiecto,
367 3119 494 3191 Apicate,
510 3119 602 3170 Seiani
621 3136 706 3184 uxor,
723 3129 786 3188 post
802 3135 903 3202 paucos
921 3115 979 3170 dies
1000 3137 1061 3170 eum
1079 3120 1221 3170 certiorem
1237 3120 1305 3172 red-

83 3187 207 3251 didisset,
224 3189 313 3239 mariti
332 3186 396 3240 dolo
414 3188 529 3239 Drusum
543 3189 676 3238 interiisse
704 3185 753 3254 (cf.
770 3185 856 3252 Dio,
873 3191 917 3249 58,
934 3186 998 3251 11),
1016 3188 1134 3243 maximo
1152 3197 1305 3256 correptum

56 3275 62 3283 ·
84 3273 143 3309 esse
160 3255 262 3321 dolore,
282 3257 441 3323 accepimus.
487 3256 580 3325 ltaque
597 3256 668 3306 circa
687 3254 754 3305 haec
772 3265 903 3323 tempore,
924 3252 1075 3320 etquidem
1093 3242 1146 3322 (uti
1160 3265 1305 3307 consenta-

83 3341 166 3377 neum
193 3323 314 3392 videtur)
341 3324 430 3376 hieme
456 3322 651 3406 praeterlapsa,
679 3323 698 3374 i.
724 3341 747 3374 e.
773 3340 844 3374 anno
861 3326 902 3373 32
918 3324 967 3384 in,
993 3321 1114 3390 Agrippa
1138 3323 1168 3372 in
1190 3323 1306 3390 patriam

82 3409 204 3444 reversus
222 3402 269 3446 est.
315 3391 358 3443 Ac
371 3409 510 3460 ,wentam
537 3390 645 3441 Flaccus
668 3391 723 3441 iam
748 3408 771 3443 a.
787 3394 831 3445 33.
862 3399 977 3440 exeunte
1002 3390 1059 3439 vite
1084 3387 1198 3441 decessit
1214 3390 1305 3457 (Tac.

710 3463 777 3510 ,279
790 3459 859 3524 sq),
880 3456 1031 3526 Agrippam
1048 3474 1102 3508 nou
1120 3459 1203 3508 serius
1222 3475 1247 3512 a.
1259 3462 1304 3510 33.

84 3459 159 3514 Anu,
176 3463 202 3524 6,
212 3465 255 3514 27.
274 3458 318 3512 cll.
335 3461 423 3509 numis
442 3477 485 3528 ap.
502 3458 613 3510 Eckhel.
624 3458 670 3520 111,

84 3529 206 3592 ineunte,
223 3527 272 3579 sed
282 3526 451 3598 probabilius
462 3545 488 3579 a.
499 3532 551 3591 32,
563 3476 725 3576 Herodiadis
737 3542 789 3607 ope
800 3525 913 3575 miserius
927 3543 969 3575 ers
991 3534 1048 3574 tum
1066 3542 1122 3577 esse
1139 3527 1305 3593 sequitur.-

85 3597 138 3648 Aa
152 3615 182 3665 p.
193 3600 236 3648 29.
250 3606 325 3648 not.
343 3613 366 3648 o.
395 3596 480 3646 Iesum
497 3594 626 3645 Mercurii
646 3593 691 3644 die
710 3593 817 3656 obiisse,
836 3544 1041 3643 Drumelius
1060 3592 1206 3660 contendit,
1224 3610 1305 3663 quem

88 3663 165 3714 Ben
176 3683 193 3732 g
204 3681 219 3714 e
231 3663 242 3712 1
254 3664 263 3712 1
275 3683 293 3713 ιι
305 3681 317 3714 s
338 3663 506 3732 impugnavit
520 3663 550 3712 in
567 3663 596 3716 l.:
614 3661 730 3728 Beweis,
747 3660 807 3712 dass
820 3657 869 3712 ch.
881 3678 917 3710 an
928 3660 1036 3711 keinem
1048 3659 1218 3726 Mittwoche,
1236 3677 1305 3712 son-

87 3728 155 3782 dern
183 3749 226 3780 am
244 3731 351 3798 Freitag
374 3729 518 3799 gestorhen
546 3747 608 3800 sey,
638 3732 723 3794 1746,
752 3738 819 3779 teste
847 3726 1229 3797 Schneckenhurgero,
1257 3730 1305 3798 qui

85 3799 181 3849 mirem
197 3798 273 3849 illam
290 3799 444 3868 opinionem
463 3799 565 3868 etipse
582 3795 705 3848 defendit
723 3793 914 3864 (chronologis
931 3793 980 3846 der
990 3794 1211 3860 Leideuswocbe,
1228 3797 1258 3846 in
1274 3796 1304 3848 lu

85 3866 226 3950 Beitfaege
250 3886 298 3917 zur
322 3865 393 3918 Einl.
415 3865 465 3915 in’s
492 3865 525 3917 N.
544 3867 580 3916 Τ.
599 3877 648 3917 etc.
673 3883 700 3933 p.
718 3865 836 3946 lsqq.),
857 3863 1060 3946 partim-meris
1085 3865 1119 3943 in·
1132 3864 1304 3943 coniecturis,

84 3928 1305 4070 331ἲὲ,’“.33231311313113333ῗὲ0333·..10313133

83 4080 153 4122 tom·
170 4071 220 4121 Xl.
236 4089 264 4137 p.
280 4074 331 4120 335
343 4087 401 4138 sqq.
416 4100 451 4110 -
498 4068 555 4119 Au
573 4089 600 4137 p.
617 4073 651 4122 37
663 4086 704 4135 sq.
735 4067 765 4119 Si
783 4068 853 4118 lesus
871 4086 895 4120 a.
912 4071 956 4121 31.
972 4065 1050 4133 obiit,
1069 4065 1141 4115 diem
1167 4063 1304 4116 eiusfets-
1350 4117 1351 4120 ,
1427 4036 1431 4043 -

85 4138 142 4190 lem
157 4137 263 4206 Aprilis
282 4135 355 4188 diem
365 4141 408 4187 27.
427 4138 496 4203 (uon
513 4141 565 4200 2⁶2,
584 4146 616 4185 ut
633 4136 778 4202 Paulus,
797 4146 898 4203 exeget.
912 4133 983 4185 Hdb.
998 4143 1047 4185 etc.
1058 4134 1078 4202 1,
1092 4137 1115 4196 1,
1133 4152 1161 4201 p.
1173 4135 1232 4184 247.
1244 4135 1304 4188 248.

84 4210 145 4258 Μ.
161 4205 240 4270 alibi,
257 4215 345 4276 putet,
363 4222 482 4255 errorem
497 4215 602 4255 secutus
618 4215 732 4271 typogra
753 4204 858 4266 hicum,
876 4200 969 4270 quiin
985 4199 1108 4252 Wurmii
1125 4199 1245 4251 tabulam
1263 4200 1324 4271 [iq.

85 4272 209 4342 Batrgelii
224 4271 328 4324 Archiv
346 4283 398 4326 etc.
416 4273 448 4334 ll,
460 4276 486 4324 2.
503 4271 608 4343 6293]
626 4222 765 4340 ἰιιεριίι),
783 4287 843 4325 eum
860 4286 924 4320 vero
941 4267 1024 4331 diem,
1042 4285 1097 4336 quo
1114 4285 1150 4319 ex
1167 4267 1208 4318 his'
1224 4269 1304 4319 terris

86 4339 220 4409 discessit,
236 4341 307 4391 Iunii
324 4341 395 4391 diem
412 4344 437 4394 7.
454 4338 537 4390 luisse
553 4339 722 4407 perspicitur.
757 4338 789 4387 Iu
805 4334 965 4389 deliniendis
977 4337 1011 4386 iis
1029 4334 1134 4398 diebus,
1154 4335 1251 4404 quihus
1262 4352 1304 4387 res

87 4419 203 4478 utreque
220 4407 363 4460 tribuenda
375 4409 419 4471 sit,
434 4407 582 4459 maximam
601 4424 658 4458 esse
674 4417 702 4458 et
716 4414 838 4457 veterum
854 4407 882 4456 et
898 4406 1077 4456 recentiorum
1087 4402 1303 4473 discrepantiam,

88 4494 123 4527 ex
144 4477 206 4546 ipsa
227 4476 422 4528 sententiarum
444 4473 478 4526 de
502 4492 573 4526 anno
599 4471 701 4526 Christi
726 4473 821 4525 ultimo
849 4471 1003 4524 diversitate
1020 4482 1117 4541 sponte
1133 4471 1303 4538 intelligitur.

89 4541 162 4617 Ques
186 4544 295 4614 quidem
321 4542 461 4596 statuendi
486 4544 603 4594 rationes
627 4541 783 4610 singulatim
803 4558 959 4593 enumerare
981 4558 1065 4611 quum
1081 4549 1108 4591 et
1131 4538 1242 4606 longum
1259 4538 1304 4602 sit,

15 4636 18 4641 ¹
87 4629 177 4682 neque
198 4611 281 4664 ullam
296 4608 393 4664 afferat
413 4611 575 4676 utilitatem,
602 4609 653 4662 hoc
669 4627 778 4662 mouere
795 4607 925 4671 sufficiet,
949 4605 1016 4660 dues
1035 4606 1204 4678 potissimum
1222 4603 1304 4656 luisse
1408 4612 1411 4619 '

54 4692 70 4719 ⁸
87 4689 208 4733 veterum
224 4679 259 4733 de
276 4693 389 4747 tempore
404 4681 493 4732 mortis
510 4678 609 4732 domiui
624 4678 775 4743 sententias,
792 4677 903 4730 alteram
920 4694 1028 4744 eorum,
1047 4676 1094 4744 qui
1111 4691 1170 4725 eam
1184 4674 1215 4725 iu
1232 4671 1305 4724 diem

1036 4744 1106 4807 Na
