2956 5168
162 178 274 269 ouaa
294 175 386 242 scr.
398 176 518 239 susm.
538 158 783 240 xvsmtsm
807 136 1105 237 commisertus.
1126 174 1163 236 s.
1226 164 1270 238 ao

54 351 260 430 descripserit.
301 347 377 409 Nam
404 348 576 428 quominus,
600 345 740 424 ‚curtim
768 347 879 421 secuti,
907 363 975 406 eum
1003 344 1119 407 verbis:
1149 339 1269 424 ἐπέσχε

53 430 173 520 χρόνον
189 427 250 508 ἐἰς
275 430 336 518 τὴν
357 424 473 498 Ἀσίαν
494 429 538 515 (ν.
560 431 631 511 22.)
660 433 792 500 innuisse
818 439 973 511 putemus,
1007 430 1128 490 Paulum
1161 429 1269 490 abhinc

57 522 125 581 loco
146 519 272 601 Epheso
291 518 389 580 vicino
409 517 692 590 obambulasse‚·eo
711 516 898 596 impedimur,
920 515 1000 594 quod
1021 534 1049 574 v.
1069 514 1137 588 23.,
1159 514 1196 574 sd
1216 532 1268 575 res

55 613 260 684 trctrsgreseus
287 603 365 663 haud
393 602 483 663 dubie
509 601 625 680 liphesi
652 607 768 680 gestas,
798 620 836 660 ue
868 600 960 661 verbo
982 600 1100 678 quidem
1121 599 1270 672 indicavit,

56 691 114 750 has
141 708 201 749 nou
227 689 257 748 iu
284 688 407 768 regione
433 686 676 760 cirdumiacetrte,
710 684 763 745 s'cd
798 686 833 767 iu¹
857 685 923 764 ipsa
953 684 1028 745 urhe
1054 680 1194 767 primerio
1220 700 1270 743 ec·

57 774 177 834 cidisse.
400 796 403 801 ·
685 790 689 797 ·
744 782 747 789 '
903 780 905 785 '

142 857 285 917 Omnibus
305 861 402 917 autem
422 856 483 916 rite
502 854 674 936 perpensis,
694 855 755 913 tu.
771 851 913 912 facillime
940 856 1098 930 utramque
1123 851 1269 930 temporis

56 943 237 1002 notationem
260 941 408 1000 conciliari
429 941 587 1014 credimus,
607 948 641 1000 ut
660 937 780 998 liucam'
793 931 920 1010 διετίας
940 935 1082 1014 vocabulo
1103 955 1160 996 nou
1182 955 1270 996 eccm

56 1026 206 1087 ratissime
227 1025 426 1099 anuos-duos,
447 1026 513 1097 sed,
534 1023 669 1107 populari
688 1040 775 1107 usum
796 1020 937 1100 loquendi
957 1020 1180 1093 consuetudine,
1202 1039 1271 1098 spa·

31 1112 133 1177 ·tium
153 1111 254 1189 paucis
274 1109 427 1171 mensibus
449 1106 565 1189 lougius
586 1108 785 1189 significasse,
815 1106 980 1184 apostolum
1001 1105 1089 1184 igitur
1110 1123 1166 1187 per
1186 1104 1271 1187 hieu-
1343 1152 1345 1157 .

55 1195 140 1254 nium
161 1204 192 1254 et
214 1213 268 1254 sex
290 1192 336 1255 vel
359 1200 474 1279 septem
494 1195 611 1255 menses
634 1190 747 1277 Ephesi
767 1191 921 1265 mansisse,
943 1195 1032 1267 atque
1053 1187 1111 1250 hoc
1131 1189 1272 1249 interval-

55 1278 118 1338 lum
137 1296 261 1338 numero
282 1276 409 1353 rotundo
430 1273 577 1363 τριετίαν
599 1277 767 1358 appellasse
787 1268 1046 1419 em'fimemus'ii
1247 1342 1249 1348 Ι

140 1363 186 1422 Ac
212 1361 350 1423 Paulum
367 1378 472 1422 revere
501 1361 627 1434 diutius,
651 1379 747 1439 ·quam
774 1379 831 1440 per
860 1376 977 1419 meuses
1037 1355 1129 1432 XVll,
1156 1358 1271 1438 liphesl

53 1445 169 1520 fuisse,
191 1447 248 1506 alio
270 1465 387 1525 quoque
409 1451 582 1525 argumento
604 1432 834 1523 comprohatum·
862 1442 983 1503 Scilicet
1002 1442 1107 1523 siper
1127 1442 1186 1503 hoc
1207 1449 1271 1503 teu·
1322 1490 1325 1495 .

55 1530 208 1592 tummodo
230 1530 358 1609 spatium
379 1548 415 1589 ee
435 1529 465 1589 in
484 1530 559 1590 urhe
580 1528 729 1607 degisset,
751 1527 886 1607 quoniam
902 1527 981 1587 circu
995 1533 1190 1605 pentecosten
1212 1527 1272 1587 dis-

53 1616 167 1687 cessit,
198 1613 360 1691 Februario
386 1613 442 1695 vel¹
461 1610 572 1674 Martio
593 1612 771 1691 advertisset.
812 1610 967 1691 Ephesum
987 1610 1161 1688 Antiochia,
1191 1601 1272 1697 χρό-

52 1720 114 1763 νον
134 1693 209 1761 τινὰ
230 1698 271 1757 ibi
293 1703 443 1777 versatus,
465 1717 533 1759 sese
554 1690 720 1781 contulerat
741 1694 821 1778 (Act.
845 1696 902 1773 ts,
923 1695 974 1755 22.
996 1693 1088 1778 23),
1112 1713 1187 1776 quse
1208 1695 1272 1774 qui-

52 1783 126 1845 dem
147 1783 237 1867 urbes
260 1779 347 1843 XXX
374 1781 491 1849 dierum
518 1782 624 1846 itinere
646 1802 664 1843 a
684 1783 872 1863 seinvicem
899 1775 1102 1863 distabaatt).
1146 1779 1212 1856 Qua
1233 1779 1272 1839 de

55 1862 148 1931 ceusu
169 1865 337 1947 apostolus,
366 1868 393 1927 si
414 1866 461 1928 vel
481 1867 610 1928 maxime
630 1865 820 1942 festinasset,
852 1886 986 1950 mensem
1008 1872 1091 1949 certe
1112 1865 1183 1928 huic
1203 1881 1272 1947 pro-

52 1950 181 2012 fectioni
201 1951 406 2031 impendisset.
447 1951 625 2031 astorgius
653 1952 690 2012 ei·
709 1952 782 2033 siue.
802 1951 891 2012 dubio
917 1958 1035 2031 tempus
1063 1949 1271 2032 assignandum

54 2041 115 2098 est.
157 2035 233 2096 llrat
254 2035 331 2096 enim
351 2036 427 2096 haec
447 2034 532 2103 Pauli
552 2035 750 2108 cousuetudo,
777 2043 827 2108 ut,
847 2036 1015 2115 ubicunque
1036 2035 1271 2100 Christianorum

55 2124 161 2182 coetus
184 2125 283 2191 esset,
303 2119 363 2195 ihi,
384 2120 472 2180 modo
486 2121 554 2180 fieri
569 2127 682 2198 posset,
703 2118 881 2200 aliquamdiu
903 2129 1144 2201 commoreretur.
1176 2123 1272 2200 Quam

10 2210 18 2218 '
52 2223 122 2267 rem
151 2203 317 2263 clarissime
344 2210 469 2265 testetur
495 2203 643 2279 ultimum,
672 2204 751 2285 quod
777 2203 811 2264 P.
839 2204 1047 2283 Hierosolymo
1073 2206 1165 2281 iecit,
1193 2209 1281 2282 itertr

55 2290 88 2350 iu
111 2307 184 2367 quo,
213 2287 285 2347 licet
305 2286 334 2347 ei
354 2284 552 2359 festinandum
576 2293 657 2349 esset
680 2287 764 2371 (Act
787 2288 949 2370 20,10.),
978 2296 1077 2351 mmet}
1099 2311 1155 2370 per
1175 2292 1270 2352 festos

54 2391 229 2448 azymorum
251 2373 316 2431 dies
336 2370 480 2451 Philippis
502 2369 574 2518 (20,
595 2369 658 2454 0.),
693 2373 834 2452 perdice
855 2371 910 2436 Vll
931 2366 1051 2435 Troade
1081 2375 1151 2452 (20,
1171 2377 1218 2457 6.)
1241 2383 1272 2437 et

56 2455 134 2534 Tyri
156 2453 222 2540 (21,
243 2453 305 2537 4.),
326 2448 455 2539 ἡμέρας
474 2476 503 2528 π
523 2451 614 2534 sicce
636 2455 802 2519 Caesareae
823 2454 887 2539 (21,
908 2457 974 2540 10.)
996 2467 1131 2521 versatus
1153 2468 1214 2533 est,
1235 2480 1272 2521 oo
1356 2503 1359 2507 ⁴

56 2540 168 2601 diutius
189 2541 268 2601 inter
288 2539 436 2618 Ephesios
458 2542 633 2618 mansisset,
655 2543 711 2602 nisi
732 2548 924 2622 properasset
938 2542 976 2601 ed
989 2550 1184 2622 pentecosten
1198 2545 1272 2605 llie-

55 2624 214 2703 rcsclymis
242 2624 466 2702 celebrandam,
497 2627 615 2687 tametsi
641 2625 840 2705 Ephesiorum
870 2645 958 2687 causa
986 2626 1166 2706 aliquantum
1188 2635 1272 2690 certe

57 2709 155 2769 hiteti
175 2707 272 2769 haesit
286 2705 352 2792 (20,
366 2709 408 2770 16
416 2706 504 2793 (pp).
547 2709 590 2769 lta
612 2730 701 2790 quum
722 2710 830 2771 Paulus
852 2717 970 2789 ageret,
992 2712 1045 2771 ott
1054 2712 1272 2790 festmondum

57 2802 144 2870 crat,
173 2791 310 2875 profecto
336 2812 396 2853 nou
423 2795 519 2853 minus
548 2795 695 2874 temporis
718 2796 844 2874 spatium
866 2796 897 2854 in
917 2796 1025 2856 itinere
1046 2797 1098 2858 illo
1119 2798 1272 2878 Ephesino

56 2879 95 2938 iis
116 2879 147 2937 in
168 2877 242 2937 locis
263 2878 383 2956 degisse
403 2876 576 2939 iudicandus
598 2887 661 2953 est,
689 2880 720 2939 iu
749 2874 856 2958 quihus
884 2878 1045 2941 Christiani
1070 2884 1272 2956 versabantur,

56 2981 148 3040 qurum
169 2969 345 3035 comesset,
367 2961 448 3041 quod
464 2959 684 3044 marmorati).
727 2964 795 3025 lluc
816 2964 948 3039 secedit,
970 2966 1048 3046 quod
1068 2968 1219 3047 apostolus
1241 2971 1272 3051 in

56 3045 163 3106 eudem
181 3046 369 3125 profectione
388 3045 621 3108 Christianorum
642 3048 733 3121 fidem
755 3058 787 3109 et
804 3049 946 3109 virtutem
968 3051 1160 3112 confirmasse
1181 3054 1272 3112 tradi·
1308 3085 1313 3109 .

53 3135 106 3190 tur
127 3127 206 3214 (Aet
229 3130 287 3207 ts,
307 3127 382 3214 23).
405 3131 528 3213 [111000
547 3134 579 3203 iu
600 3133 695 3213 turbis
716 3133 767 3197 hic
790 3132 853 3194 illic
873 3130 1091 3209 sedandis,·.ia
1113 3136 1197 3197 falsis
1220 3139 1273 3198 do-

55 3216 189 3282 etoribus
210 3212 494 3295 redarguendis,‘iu
514 3216 579 3279 hoc·
593 3215 683 3278 illove
703 3218 742 3279 od
760 3237 864 3280 serum
885 3218 960 3281 uam
982 3218 1170 3293 reducendo,
1192 3220 1273 3281 aliis-

55 3318 132 3378 que,
168 3318 244 3378 quae
272 3300 542 3368 comessamur
569 3302 720 3375 minimum
752 3304 899 3385 ternporis
932 3304 1164 3365 consumendum
1198 3312 1270 3366 erat
1382 3299 1385 3306 ’

53 3383 172 3459 Quibus
195 3383 233 3443 dc
255 3385 350 3461 causis
371 3383 551 3475 ita2demum
573 3395 657 3447 recte
678 3387 716 3447 de
735 3386 923 3483 hocitiuere
944 3394 1124 3466 statuemus,
1141 3391 1173 3461 si
1196 3391 1271 3454 duos

124 3649 273 3699 seiunctam
281 3647 362 3701 luisse
370 3652 521 3716 eximium
538 3669 590 3721 qus
601 3651 750 3705 deroirtlrs
757 3652 1003 3723 pluiihuddicetur.
1035 3655 1070 3725 g)
1087 3655 1161 3708 Idem
1174 3644 1270 3711 llem·

125 3715 312 3771 seriuseibi
332 3717 402 3791 pelle
419 3716 525 3770 videtur
540 3719 607 3787 (1.1.
647 3724 755 3788 ‚e44.).
784 3748 787 3755 .
817 3716 866 3790 ·ls)
882 3720 923 3775 Gi.
940 3722 1199 3794 Phil'ostorgius
1225 3730 1271 3795 (Η.

123 3784 156 3834 Ε.
176 3788 204 3846 1,
224 3784 275 3851 8.),
292 3784 469 3837 laudatus'ab
485 3786 596 3855 llugio
609 3738 647 3855 ·(l.
666 3802 688 3841 e.
705 3788 842 3858 ρ.139.).·
879 3791 903 3857 1)
920 3789 990 3863 sunt
1006 3789 1125 3860 quidem,
1143 3797 1190 3862 qui
1209 3813 1270 3848 eum

126 3851 176 3902 hoc
193 3853 245 3902 iter
259 3854 428 3904 festinantius
444 3853 587 3924 perfecisse
603 3858 772 3924 existiment,
791 3857 999 3909 susktndtus
1016 3856 1048 3924 (1.
1061 3859 1081 3913 l.
1092 3860 1132 3924 Jl,
1144 3880 1172 3930 p.
1187 3865 1270 3930 321),

125 3918 370 3971 Bettho‘ldtius
386 3921 452 3988 (1.1.
469 3922 506 3989 V,
524 3940 551 3994 p.
567 3920 682 3989 2720),
696 3926 833 3976 Curtius
853 3925 919 3995 (1.,1.
937 3945 964 3999 p.
982 3928 1054 3994 28),
1069 3931 1184 3998 partim,
1208 3934 1270 3998 quie

127 3989 231 4037 concisa
247 3987 336 4038 Lucos
361 3990 478 4040 narratio
500 3989 536 4042 de
559 3990 701 4053 celeritate¹
718 3986 957 4067 itiiterisoogitsre
979 3994 1087 4056 iubeat,
1113 4001 1270 4064 praesertim

127 4071 211 4131 quum
234 4054 370 4124 spostolus
385 4059 498 4118 ·nonnisi
517 4071 575 4110 troo
598 4060 626 4110 iu
640 4059 728 4123 loco,
756 4060 849 4128 ibique
869 4078 918 4131 per
934 4056 1021 4112 ·breie
1043 4072 1148 4113 tentum
1166 4074 1271 4134 tempus

125 4121 160 4188 (χ
177 4121 258 4188 oros)
279 4123 406 4174 meusium
418 4122 563 4189 ·trsdatur,
586 4124 784 4195 partim-'quia
795 4128 851 4191 ·P.‚·
863 4141 1011 4196 postquam
1035 4130 1064 4177 in
1089 4131 1179 4197 priore
1196 4133 1270 4200 apud

125 4189 168 4255 Ep
188 4189 256 4237 esios
281 4193 488 4243 commoratione
509 4193 652 4271 (Aesis,
671 4194 803 4260 itt-⁶21.)
825 4194 1004 4263 praeviderit,
1032 4197 1061 4244 in
1086 4213 1179 4247 eorum
1202 4200 1268 4254 urhe

125 4271 222 4322 magno
239 4271 299 4305 cun
315 4255 405 4308 iructu
421 4257 571 4310 doctricem
588 4259 731 4310 salutarem
748 4272 923 4342 propugatum
941 4263 986 4327 iri,
1004 4279 1035 4313 ea
1052 4279 1092 4326 re,
1110 4273 1141 4313 ut
1153 4263 1271 4320 lestine-

121 4332 182 4388 vret,
200 4334 337 4390 permotus
352 4323 443 4379 luerit.
476 4324 532 4377 Sed
549 4344 583 4378 ex
601 4324 642 4378 his
659 4336 817 4396 argumentis
846 4328 920 4396 quod
943 4330 1058 4399 primum
1076 4347 1271 4387 commemora·
1316 4390 1319 4396 ,
1366 4337 1367 4342 ’

123 4391 228 4472 'imi’
255 4401 384 4507 (Ῑῗῖιωι
406 4392 510 4513 'tigit’
536 4392 616 4474 focile
638 4393 673 4444 ab
693 4412 726 4447 eo
742 4397 933 4468 perspicietur,
950 4399 1001 4478 'qui
1026 4397 1181 4477 recordatus
1205 4403 1267 4454 ius·

124 4467 321 4577 statere
338 4476 443 4579 ta..
460 4461 674 4582 ..theses
688 4463 1269 4612 tas5a⁶t.t.>¹:¹;ss.¹¹².azts.tz

125 4589 219 4641 bulum
244 4593 325 4663 vulgo
351 4605 423 4647 certe
448 4595 499 4662 (cl.
517 4614 546 4667 p.
561 4601 663 4666 ωας.)
690 4597 797 4665 lougius
820 4597 960 4667 designare
983 4600 1169 4668 rutermllum3
1198 4603 1268 4656 elte-
