2956 5168
330 234 334 243 .
362 183 456 247 aar.
478 182 692 260 tua-41..
711 183 993 249 talamannia.
1220 188 1286 251 112

67 360 135 420 bain
156 355 288 419 ad¹aalo
310 357 447 425 numilem
469 372 540 425 esse
562 353 730 416 adsumtum
751 351 833 436 (Gal.
854 355 884 430 2,
907 354 978 426 ti:
1006 355 1158 435 apostolos
1178 374 1216 418 ea
1238 377 1288 418 ae-

65 446 129 505 t'ate
149 437 342 523 perspexisse
363 442 498 520 legimus.
517 437 599 523 (Gal.
615 438 680 513 2,1
696 437 774 520 sq),
796 440 888 515 Paulo
910 460 1005 519 aeque
1025 442 1179 521 gentilium
1199 442 1285 503 lusti·

66 530 221 601 tutionem,
242 547 281 587 ae
299 526 388 587 Petro
406 525 585 586 ludaeorum
608 543 707 583 auram
723 544 747 584 a
769 526 888 585 domiuo
910 527 1095 587 commissam
1117 546 1199 588 esse.-
1224 526 1286 589 lam

59 633 138 674 reru
159 613 281 674 Petrum
309 631 382 692 prae
410 612 521 671 ueteris
543 610 718 669 ludaeorum
741 610 909 688 apostolum
929 611 1063 671 habitum
1085 631 1170 687 essa,
1192 620 1226 674 ut
1246 630 1287 673 ex
1342 639 1344 643 ·

64 699 124 759 boo
151 700 218 778 ipso
247 697 496 768 looo'diseimus,
523 696 568 755 -ita
590 695 709 771 aliunde
730 697 803 755 satis
825 691 1000 774 constabat).
1044 696 1091 756 Ειι
1112 717 1171 776 quo
1192 702 1286 777 patet

64 783 189 843 Paulum
211 789 350 861 tanquam
372 800 440 842 eum
458 781 592 860 agnitum
615 796 805 858 essequam
819 779 903 841 nous
924 801 996 859 prae
1011 777 1134 862 reliquia
1150 785 1284 861 gentiam

65 869 233 949 apostolum
263 887 332 929 essa
352 867 489 927 voluerit.
540 865 691 925 ΒιιιιιΙιιι
720 871 818 924 autem
844 865 917 925 lieet
945 873 977 926 et
997 867 1063 946 ipse
1085 867 1122 928 ab
1144 867 1287 948 apostolia

64 962 203 1033 tanquam
221 952 531 1032 paganorumdoetor
551 953 669 1030 agnitus
688 951 745 1022 ait,
766 950 808 1011 ita
828 958 928 1011 umen
951 959 999 1013 est
1019 953 1153 1031 agnitus,
1174 959 1209 1013 ut
1229 950 1285 1033 mi·

64 1039 156 1111 noris,
177 1057 264 1116 quam
286 1036 403 1109 Paulus,
426 1038 595 1096 duceretur.
638 1036 712 1097 Nam
735 1034 842 1095 Petrus
865 1037 967 1114 etqui
989 1037 1287 1113 eumeollebraaut

64 1123 271 1196 instituebant,
305 1121 430 1181 lacobus
444 1129 491 1181 et
513 1120 652 1193 loannes,
673 1140 749 1181 eum
771 1119 862 1181 Paulo
885 1130 916 1181 et
939 1122 1026 1181 Baro.
1049 1123 1203 1202 pepigisse
1225 1130 1286 1187 tn-

64 1206 188 1281 duntur,
219 1212 271 1282 nt,
304 1206 555 1286 quemadmodum
574 1207 646 1284 ¹ipsi
675 1205 835 1279 ludaeos,
854 1207 895 1265 ita
917 1207 960 1267 illi
981 1208 1288 1287 pagatroserudirent

64 1290 152 1374 (ibid.
174 1312 202 1350 v.
223 1293 279 1371 2.).
339 1293 408 1368 Quo
435 1291 555 1371 quidam
584 1292 650 1351 loeo
677 1291 813 1350 lacobum
842 1299 874 1351 et
895 1291 1050 1364 munem,
1073 1292 1141 1370 qui,
1164 1292 1222 1352 etsi
1248 1309 1286 1353 ex

62 1377 206 1457 apostolis
222 1383 307 1436 erent
322 1376 596 1455 praestantissimis,
617 1387 716 1436 tamen
732 1394 790 1435 nou
805 1382 897 1449 tanta,
919 1389 1028 1456 quanta
1043 1377 1161 1450 Petrus,
1182 1384 1287 1438 auoto-

62 1463 153 1523 ritate
174 1460 359 1540 gaudebant,
387 1480 446 1520 uon
474 1480 561 1520 saeua
584 1481 651 1520 eum
673 1459 782 1534 Petro,
800 1469 892 1539 atque
914 1481 981 1521 eum
1004 1461 1096 1522 Paulo
1119 1463 1286 1523 Barnabatu

62 1547 146 1625 iungi
173 1547 306 1605 videmus
326 1544 368 1630 *).
427 1545 491 1606 Sed
512 1553 592 1619 tum,
621 1565 718 1625 quum¹
738 1544 772 1605 Ρ.
800 1553 832 1606 et
864 1546 906 1605 B.·
928 1566 1049 1606 eranum
1077 1547 1288 1627 Hierosolyma

62 1631 189 1702 ferrent,
212 1636 301 1709 atque
323 1631 400 1690 adeo
421 1633 458 1690 ad
480 1630 565 1689 illud·
575 1650 669 1709 usque
692 1639 819 1709 tempus,
842 1650 901 1709 quo
925 1631 1016 1691 Asiae
1041 1633 1163 1691 minoris
1184 1640 1286 1711 partes

63 1715 223 1777 orientales
246 1715 373 1777 lustrare
388 1721 563 1794 coeperunt,
575 1715 682 1775 l'aulus
696 1715 830 1776 barnaba
845 1718 971 1776 inl'erior
992 1724 1072 1790 erat3
1089 1716 1287 1795 'nequeenim

61 1800 158 1860 solum
180 1818 200 1857 a
222 1800 320 1860 Bam.
345 1803 465 1862 electus
487 1814 554 1860 eoae
574 1802 723 1873 traditur,
760 1803 810 1881 qai
830 1821 897 1861 eum
920 1814 1058 1880 tauquam
1077 1803 1179 1861 socius
1202 1800 1286 1860 adlu-

62 1891 148 1944 uaret
168 1881 251 1967 (dot.
273 1887 323 1959 ll,
345 1885 430 1968 25.·),
456 1886 520 1946 -sed
550 1894 582 1946 et
608 1887 671 1944 eius
701 1906 853 1945 nomena
882 1885 963 1945 Luna
992 1886 1147 1947 barnabae
1172 1885 1286 1945 nomini

17 2015 20 2022 ,
61 1972 251 2050 postponitur
271 1967 339 2051 (ll,
360 1972 411 2033 att.
435 1971 486 2043 12,
509 1969 560 2030 25.
586 1971 635 2039 13,
651 1972 680 2029 2.
696 1971 757 2048 1.);
780 1971 850 2049 quid
873 1973 952 2049 quod
976 1971 1288 2050 ultimusappellatut·

61 2057 142 2115 iuter
164 2074 236 2127 eos,
258 2056 308 2132 qui
327 2060 399 2115 tuna
424 2054 601 2115 Antioohiae
624 2055 787 2134 degebant,
815 2055 992 2135 propbetas,
1020 2075 1110 2134 quum
1132 2055 1287 2116 Barnabae

60 2151 169 2199 nomen
190 2141 318 2218 primum
339 2150 468 2219 aucupet
495 2140 591 2201 locum
613 2137 680 2218 (13,
704 2140 757 2219 1.).
824 2141 885 2199 Sed
913 2141 981 2200 dnm
1003 2141 1035 2200 iu
1056 2140 1107 2202 illo
1130 2148 1287 2201 versantur

59 2224 180 2296 itinere,
195 2222 313 2297 Paulus,
328 2228 465 2304 quoniam
480 2245 536 2304 pro
552 2226 662 2302 ingenii
678 2225 854 2284 excellentia
876 2228 987 2304 primas
1008 2226 1038 2285 in
1055 2226 1208 2305 evangelio
1221 2224 1284 2284 dis·
1335 2262 1336 2266 =

62 2309 234 2368 seminando
249 2320 351 2387 partes
368 2330 458 2388 agere
473 2311 586 2369 solebat
598 2305 653 2389 (ol.
672 2310 849 2379 lat—tl.
868 2311 1002 2370 itt-41.
1013 2311 1066 2371 ‘lb
1083 2311 1133 2384 14,
1148 2311 1224 2390 lisq.
1235 2309 1285 2370 12.

60 2382 299 2558 liii-2⁶02&
324 2386 1000 2540 1111111111λίῖοἷὶέἕέζιὲῗῑῖἓ·
1019 2396 1286 2541 iiiawil‘iiii

292 2522 301 2553 ι
613 2523 622 2550 ι
757 2530 761 2536 ·
916 2522 924 2538 ·
988 2525 997 2554 ι
1038 2523 1046 2540 ·
1111 2524 1119 2539 ·

60 2583 127 2623 otuu
143 2565 286 2643 bonnet
301 2564 404 2641 Marco
425 2558 505 2639 τοὺς
525 2559 606 2648 περὶ
629 2559 686 2626 τὸν
700 2562 869 2627 Παῦλον
892 2565 1017 2640 diceret,
1039 2568 1163 2643 eiusque
1177 2560 1286 2625 nomen

61 2649 182 2726 saepius
213 2645 275 2729 (bis
298 2657 410 2711 tautum
438 2651 511 2731 louis
541 2650 692 2725 exceptis:
722 2649 848 2722 11,12.
875 2649 926 2709 ll.
950 2646 1180 2730 1·5,12.[25.])
1202 2657 1286 2710 anta·

26 2735 29 2739 ’
60 2740 187 2811 poneret
209 2730 263 2814 (of.
288 2735 338 2806 13,
360 2735 485 2794 4216.
508 2733 559 2793 ao.
584 2732 632 2806 15,
648 2733 685 2793 ³2.
707 2734 757 2795 22.
781 2731 869 2816 ἧδ’)
896 2733 1067 2796 Praeterea
1087 2754 1145 2795 neo
1164 2735 1284 2811 Paulus,

60 2837 117 2876 neo
131 2816 293 2891 Barrtabas,
316 2821 486 2898 priusquam
508 2820 544 2879 ab
562 2820 671 2879 itinere
688 2820 716 2879 in
733 2821 833 2880 Asiam
856 2822 1000 2880 minorem
1022 2827 1163 2906 susceptu
1184 2821 1283 2903 redie-

59 2910 145 2977 rant,
172 2905 327 2982 praeeipui
348 2907 503 2984 gentilium
538 2907 677 2965 doctores
707 2904 811 2965 haberi
842 2901 897 2986 (al.
921 2906 987 2966 Gal.
1009 2906 1040 2980 2,
1066 2901 1161 2988 llsq.)
1193 2905 1285 2966 faoile

59 2995 206 3066 poteraut.
229 2988 304 3049 Nam
327 2991 385 3049 etsi
407 2990 526 3064 Paulus,
547 3002 704 3070 postquam
727 2990 878 3053 incilicia
901 2999 994 3062 certe,
1015 2999 1048 3052 ut
1069 2992 1187 3053 videtur
1201 2988 1283 3072 (Act.

59 3073 156 3146 1130.
173 3071 290 3147 11,25.
307 3072 605 3158 oott.15,‘23.41.·),
629 3094 757 3153 paganos
778 3077 915 3148 instituit,
936 3077 1112 3137 Antioohiae
1135 3097 1193 3136 una
1216 3097 1284 3137 eum

59 3156 195 3217 barnaba
218 3175 272 3237 per
293 3160 441 3239 integrum
469 3161 535 3221 lere
564 3180 671 3221 aunum
695 3161 798 3221 iisdem
822 3161 991 3222 erudiendis
1013 3181 1136 3240 operam
1159 3163 1284 3222 dederet

60 3237 141 3323 (Act.
165 3241 216 3316 ll,
231 3244 280 3303 26.
297 3245 363 3305 coll.
387 3265 433 3304 ιι.
451 3243 624 3328 211-22.),
646 3254 745 3305 tamen
768 3256 800 3306 ut
822 3244 865 3305 illi
888 3266 961 3324 prae
983 3248 1117 3325 reliquis,
1140 3247 1191 3324 qui
1212 3247 1282 3307 huie

60 3329 178 3404 negotio
200 3329 409 3391 incumbebant
430 3329 484 3414 (ol.
507 3333 573 3392 Aut.
597 3334 647 3404 11,
670 3334 722 3394 211.
746 3334 796 3404 itt
818 3327 885 3412 1.),
906 3332 1006 3391 idonei
1029 3331 1222 3391 crederentur
1245 3334 1282 3393 ad

59 3411 243 3490 evangelium
266 3417 387 3494 paganis
409 3419 653 3487 adnunciandum,
676 3418 924 3479 nescium-bou-
937 3417 1055 3477 demum
1075 3417 1135 3477 iter
1154 3417 1281 3478 ellicere

57 3498 205 3576 potuerit,
232 3498 262 3556 in
290 3520 348 3578 quo
381 3509 411 3562 et
437 3520 494 3581 per
519 3508 632 3561 tantum
655 3511 802 3564 terrarum
824 3501 980 3575 ambitum,
1004 3507 1034 3561 et
1055 3508 1115 3562 tam
1137 3520 1282 3581 prospero

59 3601 126 3640 eum
155 3600 297 3643 successu
327 3587 453 3663 gentiles
487 3588 675 3647 edocuerunt.
726 3588 804 3647 Arrni
819 3585 956 3664 denique
982 3586 1025 3646 illl
1047 3589 1280 3665 quatuordecim,

59 3667 110 3745 qui
133 3665 199 3726 Gal.
222 3665 253 3740 2,
277 3669 305 3728 1.
328 3680 610 3740 oommemorautur,
633 3678 741 3733 lautam
764 3673 809 3742 iis,
832 3671 881 3749 qui
903 3673 942 3732 de
963 3674 1070 3733 itinere
1091 3674 1221 3752 cogitant
1243 3674 1279 3733 ad

57 3751 169 3811 famem
190 3753 398 3815 sublevandam
419 3757 511 3831 laeto,
533 3757 739 3817 dilllcnltstem
762 3756 902 3830 afferunt,
924 3764 957 3817 ut
971 3777 1076 3838 inagna
1090 3776 1279 3838 eorum-pars

58 3835 216 3901 lectionem
240 3833 507 3929 δεκατεσσάρων,
537 3843 629 3903 totius
650 3842 731 3904 illam
752 3843 870 3923 quidem
894 3845 1076 3923 antiquitatis
1097 3844 1276 3906 testimoniis

57 3920 213 4000 firmatam,
234 3925 264 3984 in
285 3919 457 4014 τεσσάρων
477 3928 646 3991 mutandam
668 3948 737 3990 esse
760 3936 898 3990 censeret
909 3924 950 4008 l).

55 4073 257 4088 ,Ἣ

122 4172 220 4292 ffGl.
240 4173 327 4229 lcor.
348 4180 374 4243 l,
395 4181 445 4241 12,
466 4176 513 4225 ubi
544 4175 709 4228 Christianos
740 4176 870 4245 quosdam
897 4179 966 4242 (sine
992 4174 1090 4238 dubio,
1115 4177 1161 4246 qui
1190 4176 1274 4246 legam

158 4244 270 4295 osaicatn
300 4256 407 4296 strenue
434 4243 628 4313 sequebantur)
657 4262 754 4295 nomeu
781 4245 832 4295 sibi
859 4263 873 4294 a
900 4246 975 4295 Petro
1000 4243 1129 4294 indidisse
1155 4244 1275 4314 legimus.

124 4311 134 4335 ⁹
166 4311 214 4362 llis
231 4311 295 4362 addi
332 4315 416 4376 assit,
435 4315 529 4362 eadem
547 4324 632 4364 aetate
651 4314 761 4362 Paulum
780 4315 859 4364 Petro
877 4315 928 4380 ipsi
947 4311 1056 4381 publice
1074 4316 1275 4384 seopposuisse

137 4379 198 4431 Gal.
215 4384 242 4447 2,
262 4383 386 4450 lleqq.).
413 4379 475 4432 ‘sed
512 4390 654 4450 namquam
673 4383 788 4433 masline
805 4380 953 4450 probabilis
969 4391 1009 4444 est
1026 4398 1118 4433 eorum
1136 4385 1274 4453 sententia,

125 4451 178 4516 qui¹
190 4448 260 4498 hane
283 4450 481 4500 contentionem
526 4451 579 4501 sevi
597 4461 658 4520 post
676 4450 761 4517 illud,
786 4450 868 4519 quod'
880 4449 940 4503 Gal.
959 4454 985 4514 2,
1004 4455 1087 4520 lsqq.
1104 4450 1275 4515 describitur,

125 4516 179 4566 iter
195 4516 323 4568 accidisse
341 4530 449 4569 censent
467 4521 531 4588 (qna
550 4518 584 4567 de
601 4537 629 4569 re
647 4519 715 4569 inira
735 4518 864 4583 dicatur),
881 4529 981 4584 tamen,
998 4518 1148 4587 quiaillud
1165 4537 1219 4570 non
1236 4521 1274 4569 ita

122 4588 213 4653 polest
230 4583 423 4653 demonstrari,
450 4597 480 4636 nt
496 4586 564 4636 nibil
581 4585 757 4653 dubitationis
774 4585 906 4657 reliquum
926 4588 978 4649 sit,
996 4586 1048 4639 boe
1064 4597 1216 4656 argumento
1233 4588 1274 4638 nti

122 4651 267 4705 nola'irnne.
362 4654 401 4719 d)
413 4652 589 4706 'lindemfere
607 4658 769 4723 argumentis
789 4654 915 4707 'Paulum
933 4655 954 4706 l.
973 4670 995 4708 a.
1012 4653 1173 4720 deteriore,
1192 4670 1273 4724 quarn
