2956 5168
297 96 519 192 quo‘msus
541 110 584 176 nt
606 112 779 176 cortun
800 114 1101 180 tuscanorum·
1253 90 1306 177 ἰι

81 284 166 347 Maio
184 283 254 351 isne
274 283 474 345 Romanorum
502 283 683 364 respondet,
705 291 801 345 ortam
823 304 892 346 esse
909 284 955 368 r),
977 290 1066 366 atque
1087 286 1194 349 'eodem
1215 285 1305 347 huius

82 368 271 451 imperatoris
293 388 385 443 anno,
407 370 457 429 die
477 365 593 430 octavo
611 371 722 431 mensis
744 370 803 452 Dii,
825 391 915 451 quem
936 370 1184 432 Marohesvanem
1204 371 1308 432 ludaei

84 455 199 527 dicunt,
235 464 336 514 nostro
367 449 435 515 iere
467 453 594 513 Octobri
615 454 860 532 respondentem,
895 455 1029 516 Oestium
1049 452 1184 530 Gallum,
1201 456 1308 535 Syriae
1361 482 1364 491 ·

83 539 263 619 praesidem,
285 560 302 598 a
324 539 441 599 ludaeis
462 539 564 599 fusum
583 538 778 618 fugatumque
799 542 891 600 tradit
907 537 953 622 ι).
1017 538 1135 601 Bellum
1150 541 1307 609 ,Iudaicum

83 625 227 697 triennio,
257 630 414 703 antequam
442 623 581 686 Vitellius
613 624 772 702 imperium
794 625 969 704 capessivit,
997 645 1075 685 anno
1107 626 1198 705 igitur
1217 646 1248 705 p.
1272 623 1307 686 O.

82 729 113 768 n.
135 709 187 783 oo,
208 710 326 769 initium
347 709 427 787 cepit
443 705 500 790 ἦ),
544 707 626 768 Nero
647 728 675 767 a.
697 709 726 768 d.
747 708 797 769 ltt
829 710 898 769 Idus
922 711 1068 771 Octobres
1088 707 1118 793 c)
1140 711 1208 771 anni
1229 731 1260 791 p.
1270 708 1308 786 O,

83 813 112 852 n.
134 790 177 852 54
193 791 228 876 x)
259 792 416 873 imperium
448 794 591 873 adeptus,
631 794 668 853 ob
690 793 749 853 hoc
770 792 820 854 die
842 795 910 853 anni
930 793 974 854 65
1000 795 1037 855 ad
1066 796 1144 856 diem
1167 796 1307 855 eumdem

83 879 151 937 anni
173 880 324 956 sequentis
347 878 430 959 regni
451 896 559 939 anuum
581 876 788 937 duodecimum
811 880 880 958 egit.
945 879 1006 939 lam
1028 881 1055 940 si
1077 879 1195 940 Flavius
1223 877 1307 940 als-

82 963 195 1035 uuario,
216 961 265 1022 rel
287 963 409 1036 Nisano,
430 962 478 1022 vel
499 961 599 1023 Tisrio
621 963 705 1022 diem
719 962 856 1024 Octobris
879 964 1026 1024 decimum
1044 965 1164 1025 tertium
1186 969 1307 1025 antece-

84 1047 174 1107 dente
195 1047 324 1108 Nerouis
345 1054 479 1126 tempora
501 1047 651 1120 duxisset,
673 1047 779 1122 Dium,
808 1055 912 1129 utpote
934 1050 984 1128 qui
1004 1050 1155 1129 proximus
1177 1048 1216 1109 sit
1236 1054 1308 1128 post

83 1131 224 1206 'l'isrium,
245 1140 365 1193 octavus
387 1153 404 1193 a
423 1132 554 1206 Nisano,
576 1131 708 1192 decimus
729 1131 796 1193 sere
817 1154 835 1193 n
855 1133 989 1194 Ianuario
1009 1135 1132 1207 mensis,
1153 1151 1230 1193 anno
1252 1132 1307 1193 de-

83 1217 160 1275 cimo
180 1217 271 1277 tertio
291 1217 463 1287 tribuisset·
475 1216 574 1294 Quum
594 1236 666 1277 vero
686 1216 745 1277 loci
766 1218 801 1277 Β.
822 1217 844 1278 l.
866 1217 887 1277 Ι.
903 1219 934 1293 6,
957 1238 983 1277 c.
999 1219 1030 1292 4,
1053 1217 1082 1297 ὃ.
1100 1218 1131 1277 8.
1154 1224 1185 1278 et
1208 1237 1235 1278 c.
1253 1218 1306 1277 10.
1343 1240 1346 1245 ·
1386 1262 1389 1275 .

83 1302 218 1374 doceant,
239 1300 477 1381 losephum'nec
498 1324 516 1362 a
535 1301 678 1376 Ianuario,
699 1322 756 1363 nec
776 1323 795 1364 a
817 1304 927 1364 Niaano
955 1302 1091 1362 Tisriore
1112 1303 1232 1381 imperii
1253 1322 1306 1363 ex·
1334 1302 1336 1307 ’

83 1387 167 1445 ordIa
182 1388 329 1464 proxime
358 1394 503 1466 sequente
524 1405 681 1446 numerare
697 1383 749 1469 7):
782 1387 857 1447 nihil
877 1387 1073 1465 relinquitur,
1106 1388 1162 1446 nisi
1182 1391 1217 1446 ut
1238 1388 1304 1449 eius

82 1470 167 1529 illum
187 1473 331 1550 temporis
353 1473 496 1531 rationem
517 1471 659 1530 habuisse
681 1471 852 1545 credamus,
883 1490 940 1550 quo
961 1471 1043 1533 Nero
1063 1474 1213 1550 imperare
1235 1490 1305 1532 coe·
1401 1483 1414 1547 ¹,

82 1555 149 1634 pit3
180 1574 355 1635 quamquam
384 1574 421 1616 ex
442 1553 579 1637 populari
609 1555 734 1633 quadam
766 1556 946 1635 negligentia
978 1556 1057 1616 diem
1078 1556 1304 1616 Marchesrauis

83 1645 238 1721 octavum,
260 1641 310 1718 qui
330 1641 390 1699 isto
409 1658 496 1714 anno,
517 1640 585 1719 quia
605 1637 675 1699 luna
695 1641 725 1701 7.
748 1640 814 1701 Oct.
844 1659 970 1718 vespero
1000 1640 1137 1714 siluerat,
1168 1638 1307 1701 lb'ferc
1419 1693 1421 1698 .

83 1722 223 1782 Octobris
253 1724 315 1785 diei
339 1724 539 1805 respondebat
555 1719 607 1805 ὅ),
638 1724 675 1783 sd
708 1724 914 1784 duodecimum
941 1725 1070 1785 Neronis
1100 1744 1226 1799 annum,
1256 1725 1307 1805 qui

83 1809 133 1868 die
149 1807 287 1871 Octobris
303 1808 343 1869 lt
364 1809 423 1869 iam
442 1805 664 1888 praeterlapsos
686 1815 759 1881 erat,
781 1809 892 1882 retulit,
915 1810 966 1888 qui
987 1809 1107 1889 quidem
1129 1827 1215 1869 error
1235 1803 1307 1869 idco'

82 1891 225 1957 facillime
246 1894 390 1953 committi
410 1899 549 1973 poterat,
571 1893 640 1972 quia
660 1912 747 1953 verus
768 1895 887 1973 imperii
908 1893 1031 1970 natalis,
1059 1894 1091 1955 in
1111 1910 1188 1955 auno
1208 1890 1305 1955 luurrt

85 1996 188 2057 tagus,
209 1977 259 2038 rix
281 1976 318 2039 ab
339 1978 459 2039 bomine
481 1977 588 2039 ludaeo
610 1984 748 2039 accurate
769 1979 839 2040 sciri
859 1984 988 2071 poterat.
1320 1982 1323 1987 ’

86 2141 290 2163 -ffl‘

153 2228 274 2279 dirutum
291 2245 347 2279 esse
364 2239 535 2292 narraverat,
553 2228 622 2279 banc
638 2246 694 2280 rem
710 2228 741 2279 in
758 2204 881 2280 eumdem
899 2226 1025 2280 incidisse
1043 2227 1114 2280 diem
1133 2227 1225 2293 addit,
1249 2214 1307 2298 quo¹

152 2296 284 2365 templum
310 2294 460 2348 Salomonis
484 2313 499 2346 ιι
524 2295 788 2348 Nabuchodonosoro
814 2296 981 2348 combustum
1011 2298 1062 2362 sit,
1096 2295 1126 2347 id
1151 2296 1225 2366 quod
1250 2313 1303 2349 seo.

152 2365 272 2415 Hieram.
291 2363 349 2431 (52,
368 2363 424 2430 12.)
441 2365 475 2415 10
491 2364 545 2415 Abi
561 2366 603 2414 die
619 2363 724 2415 facturn
739 2375 792 2429 est;
825 2365 932 2414 Panemi
948 2365 991 2415 die
1013 2367 1047 2416 17
1064 2366 1125 2433 iuge
1143 2361 1304 2415 sacrificium

153 2465 268 2500 cessasse
285 2447 366 2500 refert
383 2448 428 2514 (B.
447 2449 467 2498 l.
485 2447 513 2511 6,
531 2451 557 2512 2,
577 2449 617 2514 1.)
652 2448 725 2518 quod
742 2466 795 2504 sec.
819 2449 968 2500 misnam
993 2450 1096 2513 (Tract.
1117 2451 1213 2501 t't'fflt
1232 2447 1259 2507 4.
1276 2453 1304 2503 7.

151 2534 180 2583 p.
199 2515 259 2568 382.
277 2527 344 2566 tom.
364 2517 396 2566 ll.
415 2514 458 2566 ed.
478 2485 637 2582 Surenhusb
656 2518 690 2568 17
698 2518 844 2568 Tammuzii
859 2517 901 2567 die
918 2513 1010 2568 offerri
1027 2517 1117 2570 desiit.
1134 2515 1306 2588 Respondent

153 2594 244 2635 autem
262 2601 296 2634 ex
313 2584 417 2653 loscphi
434 2595 537 2638 mente:

237 2652 321 2717 blisan
472 2645 591 2718 (Νισὰν)
793 2651 941 2720 xanthico,
954 2651 1021 2707 Ant.
1042 2654 1066 2718 1,
1084 2654 1111 2716 3,
1129 2653 1155 2704 3.
1173 2659 1199 2717 2,
1219 2652 1261 2720 14,
1279 2655 1305 2707 6.

749 2726 751 2731 ’
1037 2722 1064 2784 3,
1082 2722 1107 2783 8,
1125 2719 1152 2772 4.
1215 2724 1259 2786 10,
1277 2721 1306 2779 5.
1340 2779 1343 2786 ,

1038 2790 1081 2852 11,
1100 2787 1126 2854 4,
1144 2788 1170 2842 8.
1320 2797 1324 2802 ’

235 2855 288 2920 ljar
473 2848 551 2925 (Irip)
795 2853 950 2921 Artemisiq,
984 2855 1056 2922 8,3,
1075 2861 1101 2906 1.

236 2923 318 2972 Siren
797 2923 907 2986 Deesio,

235 2991 367 3039 Tsmsnuz
798 2991 925 3052 Panemo,

236 3056 281 3107 Ab
484 3053 607 3123 (Σαββᾶ,
625 3051 754 3125 1.’Λββᾶ)
796 3057 862 3122 1.οο,
880 3057 907 3122 4,
926 3056 952 3118 4,
970 3059 997 3108 7.

234 3123 298 3173 Elui
496 3165 499 3169 .
753 3170 755 3174 ⁴
796 3124 939 3194 Gorpiaeo,

235 3192 308 3243 Tisri
478 3190 741 3264 (Θουρὶ,1.Θισρὶ)
800 3193 1031 3263 Hyperberetaeo,
1052 3193 1093 3311 38,
1101 3191 1136 3310 14,
1160 3194 1184 3311 12.

235 3325 412 3378 Marchesvan
481 3323 697 3398 (Mopoocoirqc)
806 3327 872 3391 Dic,
892 3330 918 3396 1,
934 3329 961 3394 3,
979 3330 1006 3380 3.
1072 3297 1081 3325 '
1117 3264 1143 3360 0,
1181 3299 1187 3312 ⁸
1256 3334 1258 3338 ⁴

237 3391 325 3446 Citlev
481 3396 621 3462 (Χμσλεῦ)
806 3394 950 3465 Apelleeo,
969 3398 1011 3461 12,
1029 3397 1055 3460 7,
1073 3392 1100 3447 6.

236 3460 342 3513 Tebetb
479 3465 627 3531 (Τεβέθος)
813 3461 984 3533 Audyuaeo,
1009 3465 1059 3528 11,
1078 3458 1147 3526 5,4
1192 3464 1306 3532 (quana-

510 3548 571 3580 uam
598 3531 627 3579 h.
650 3529 672 3584 l.
698 3530 824 3600 Iosephus
853 3534 940 3582 minus
969 3542 1041 3581 recte
1066 3530 1218 3582 Tebethum
1246 3551 1307 3582 cum

488 3549 623 3718 lAppllapp
641 3600 826 3731 pomposluiqt)
835 3597 937 3650 Melius
954 3598 1096 3669 interpres,
1117 3600 1164 3668 qui
1181 3617 1231 3669 pro
1250 3600 1310 3650 Te-

254 3685 258 3703 ·
462 3682 570 3716 .eo
612 3683 839 3718 aterumer.

234 3732 316 3784 Sebat
775 3683 791 3734 g
805 3733 916 3799 Peritio,

234 3801 314 3851 Adar
483 3794 625 3869 (Ἄδαρος)
802 3801 915 3869 Dystro,
933 3799 959 3865 4,
978 3799 1004 3867 8,
1022 3795 1067 3856 49.
1299 3805 1302 3811 ”

151 3867 178 3929 r)
195 3869 227 3922 B.
245 3871 266 3919 l.
284 3872 312 3924 2.
332 3866 374 3931 14,
392 3865 419 3919 4.
490 3865 772 3932 ε)11ιίι1.2,19,9.
841 3867 864 3932 t)
882 3867 951 3922 ibid.
975 3866 1008 3933 4,
1026 3867 1057 3934 9,
1078 3869 1120 3920 12.
1154 3868 1198 3920 cll.
1219 3871 1307 3934 10,1.

79 3932 84 3943 ’
150 3937 179 3998 υ)
198 3933 293 3989 Suet.
313 3934 410 3987 Claud.
425 3932 469 3991 45.
488 3936 571 3986 Tac.
590 3933 663 3987 Anu.
684 3934 777 3999 12,69.
829 3935 863 4002 x)
880 3937 919 3990 M.
937 3936 1034 3987 Asinio
1051 3936 1101 3987 Μ’.
1118 3935 1210 3988 ΑοίΙίο
1228 3934 1303 3989 Coss.

151 4003 247 4063 (Tac.
267 4003 340 4056 Anu.
362 4007 402 4067 12,
422 4004 489 4067 64.).
548 4005 578 4072 y)
597 4002 751 4072 Templum,
770 4003 881 4054 testibus
899 4003 941 4055 his
958 4003 1036 4068 locis,
1054 4006 1089 4054 10
1104 4005 1155 4056 Loi
1174 4004 1304 4071 (Augusti

86 4112 90 4119 .
150 4068 233 4136 fere),
252 4069 315 4120 urbs
332 4071 576 4140 Hierosolymitana
594 4069 745 4140 BGorpiaei
764 4071 832 4138 (fere
846 4071 880 4122 Se
901 4071 1025 4138 tembris)
1044 4069 1098 4137 die,
1117 4073 1306 4139 ennoVespa-

152 4139 219 4187 siani
237 4137 374 4201 secundo,
393 4137 482 4188 diruta
508 4156 535 4188 es
590 4139 645 4188 lam
664 4156 726 4189 vero
744 4138 849 4189 Flavius
862 4091 919 4190 'aiio
936 4139 998 4189 loco
1017 4138 1096 4204 (Ant.
1114 4141 1158 4202 20,
1177 4140 1212 4190 10
1228 4135 1305 4204 fine),

152 4220 222 4255 anno
241 4206 383 4257 centesimo
400 4207 516 4274 septimo
611 4204 726 4256 Herodis
743 4207 821 4256 initia
839 4207 889 4272 (sc.
907 4217 1050 4276 postquam
1069 4204 1238 4274 Antigonum
1257 4223 1308 4257 oc-

152 4269 272 4336 ciderat,
300 4275 342 4323 uti
367 4290 452 4324 nexus
471 4273 562 4338 docet,
595 4290 663 4342 quse
682 4271 791 4342 quidem
808 4260 937 4325 rea‘facta
956 4285 995 4324 est
1011 4290 1102 4324 mense
1119 4275 1199 4326 tertio
1218 4275 1307 4340 (lunio

150 4337 223 4406 iere)
241 4342 303 4390 anni
320 4342 353 4393 U.
374 4338 406 4393 C.
424 4343 442 4392 7
447 4341 511 4405 th),
530 4341 551 4390 i.
570 4358 595 4390 e.
620 4358 689 4391 auno
707 4341 740 4392 U.
759 4337 790 4393 G.
808 4342 869 4404 823,
906 4360 935 4410 p.
955 4344 983 4390 C.
1001 4359 1030 4390 n.
1048 4341 1091 4401 70,
1110 4342 1160 4392 ista
1178 4341 1308 4393 accidisse

153 4407 252 4457 innuit·
294 4409 453 4478 Vespasiani
470 4409 635 4478 principatus
654 4425 668 4457 a
686 4407 815 4459 Kalendis
833 4408 907 4459 Iuliis
925 4407 990 4476 (Su
1001 4419 1045 4459 et·
1063 4408 1147 4478 Vesp.
1166 4408 1192 4461 6.
1216 4409 1306 4462 ι’Ῐίι(>.

151 4473 223 4525 Hiat.
241 4475 268 4539 2,
281 4475 335 4537 79.)
355 4477 418 4526 anni
436 4475 470 4529 69
497 4474 612 4528 ducitur.
656 4473 740 4528 Cuius
764 4488 886 4545 tempora
908 4475 930 4526 si
953 4476 1010 4527 lose
1030 4474 1079 4526 hus
1101 4477 1145 4528 rel
1170 4494 1185 4527 a
1207 4477 1307 4538 Tiaris,

73 4597 78 4605 ,
152 4540 196 4592 rel
221 4560 237 4592 a
262 4543 386 4593 Ianuario
409 4544 541 4595 Nicanore
568 4555 696 4613 sequente
718 4561 774 4594 com
797 4554 907 4606 utasset,
937 4495 1030 4614 tempii
1051 4543 1178 4613 urbisque
1201 4543 1306 4595 cladem

150 4608 180 4659 in
204 4627 301 4662 annum
325 4610 483 4681 Vespasiani
500 4612 619 4682 primum
636 4609 757 4664 conferre
775 4563 919 4664 debuisset.
1030 4612 1059 4682 z)
1077 4611 1114 4663 V.
1149 4630 1177 4682 p.
1194 4611 1229 4665 33
1246 4629 1307 4680 ειη.
