2956 5168
122 185 164 246 aa
280 234 283 241 .
422 194 428 207 ·
539 178 627 241 cnr.
647 179 671 240 ι.
712 177 769 240 un
788 178 912 256 auno,

207 353 288 416 Hinc
306 351 401 432 igitur
419 368 508 430 ιιιιιιιιι
534 354 693 430 appareat,
713 366 795 409 ‘eam
822 348 918 411 fuisse
944 349 1061 412 ludaeis
1088 338 1344 425 momentum,

123 445 160 500 ut
179 438 341 501 (laesarum
372 456 466 496 anxios
493 435 532 495 ab
557 437 624 514 ipro
648 436 768 514 imperii
794 435 880 495 initio
906 430 1102 517 (quamquam
1134 454 1193 495 nou
1220 454 1345 515 semper

59 532 85 563 '·
125 520 276 606 cumrato)
299 523 468 582 derivarent
499 516 590 601 (quae
618 521 736 600 quidem
765 520 841 579 ratio
870 518 1121 580 Antiochenoaum
1150 538 1269 600 quoque
1294 520 1345 578 lu-

125 610 210 670 daeis
230 609 391 669 vicinorum
413 613 482 665 ante
504 604 618 665 Galbae
637 613 771 684 tempora
790 600 864 686 fuit)
882 600 933 686 a):
974 603 1087 679 meas,
1109 610 1174 665 sive
1189 604 1345 665 &mano-

126 714 213 769 rum,
239 693 303 754 aive
332 689 516 750 Iudaeorum
542 708 657 750 morem
685 696 812 749 secutus
840 690 897 762 sit,
935 706 1050 748 annum
1084 689 1197 749 Tiberii
1215 687 1284 748 XV
1305 688 1344 747 od

127 780 275 861 Augusto
304 777 380 835 anni
397 794 426 834 o.
446 774 488 833 D.
509 773 560 833 28.
589 772 631 832 ud
655 772 794 835 eumdem
815 775 891 832 coni
908 776 1066 853 sequentia
1085 794 1221 834 mensem
1240 771 1344 833 duait.

211 880 258 939 Ex
278 879 325 938 his
346 895 521 956 quamquam
542 874 732 936 manifestum
748 878 805 948 est,
827 873 931 934 Iesum
952 882 1028 934 unte
1048 880 1248 935 auctumnum
1270 875 1349 933 anni

127 985 156 1025 u.
186 964 227 1025 D.
260 963 302 1024 28
333 962 442 1022 docere
470 979 532 1018 noo
566 960 716 1040 coeptare,
757 960 915 1023 fluctuatur
945 966 1047 1021 nmen
1074 962 1105 1019 in
1137 959 1345 1020 constituendo

128 1069 183 1125 eo,
204 1060 263 1128 quo
291 1065 396 1107 revera
425 1045 553 1123 primum
575 1045 718 1117 docuerit,
739 1050 884 1123 tempore.
950 1043 1007 1105 Cui
1028 1046 1147 1123 quidem
1167 1042 1345 1104 inveniendo

128 1153 219 1213 quum
249 1151 335 1211 quam
363 1131 491 1189 maxime
518 1130 663 1189 inservire
695 1130 863 1189 existiment
882 1127 980 1188 locum
1011 1128 1099 1189 Luc.
1121 1131 1151 1201 3,
1173 1130 1224 1188 23
1245 1146 1347 1207 neque

129 1227 228 1280 tamen
255 1219 287 1276 in
313 1235 350 1275 eo
380 1214 553 1295 explicando
581 1215 764 1273 consentiant
792 1212 859 1274 Viri
887 1213 990 1287 Docti,
1025 1213 1095 1292 quid
1127 1214 1166 1274 de
1194 1214 1258 1274 eius
1285 1212 1347 1273 loci

128 1303 221 1364 seusu
242 1300 431 1361 statuendum
452 1298 509 1372 sit,
530 1299 633 1377 paucis
654 1299 712 1357 iam
733 1297 930 1377 indagandum
952 1309 1021 1359 ease
1042 1299 1169 1359 videtur.

214 1403 259 1463 Ac
291 1402 418 1480 primum
449 1399 581 1479 quidem,
620 1399 697 1478 quod
729 1399 835 1460 attinet
865 1398 902 1457 ad
932 1394 1023 1458 verba
1055 1391 1138 1462 ὡσεὶ
1165 1390 1348 1484 τριάκοντα

131 1484 227 1562 ἐτῶν,
265 1487 320 1561 aliis
357 1485 457 1544 addito
489 1481 633 1543 vocabulo
654 1477 735 1546 ὡσεὶ
756 1484 853 1563 ipsum
882 1502 989 1542 annum
1011 1484 1192 1544 tricesimum
1209 1481 1260 1564 b),
1294 1483 1351 1541 alii

131 1583 247 1651 tempus
274 1569 394 1648 aliquod
421 1569 501 1627 hunc
531 1587 638 1627 annum
658 1569 792 1647 proxime
820 1569 999 1629 antecedens
1017 1564 1067 1651 θ),
1099 1568 1180 1629 alii
1211 1568 1349 1646 proxime

132 1675 316 1734 consequens
335 1652 367 1736 11)
399 1653 480 1712 innui
499 1660 623 1732 putant,
661 1654 712 1732 qui
739 1652 857 1730 qiddem
887 1658 918 1711 et
941 1653 1002 1730 ipsi
1031 1654 1062 1712 in
1092 1653 1223 1713 diversas
1245 1659 1348 1730 partes

132 1744 250 1813 abeunt,
272 1739 320 1798 vel
352 1739 391 1805 de
422 1757 497 1797 anno
518 1739 669 1798 tricesimo
696 1739 807 1815 primo,
839 1735 1048 1810 reluctando,
1069 1736 1117 1797 vel
1138 1732 1277 1819 tertiae)
1300 1735 1349 1795 vel

133 1828 184 1907 qui
203 1827 283 1887 hunc
305 1825 395 1884 etiam
417 1822 542 1882 excedat
551 1817 606 1903 f),
628 1822 802 1900 cogitantes.
868 1821 998 1897 Quarum
1021 1823 1233 1882 sententiarum
1254 1840 1349 1899 quae-

133 1929 192 1992 qae
219 1911 264 1971 uti
292 1929 359 1969 cum
387 1906 488 1966 Lucae
515 1906 613 1966 verbis
641 1911 722 1965 stare
750 1911 869 1985 potest,
910 1906 952 1967 ita
980 1906 1059 1966 nulla
1088 1908 1175 1966 unice
1196 1925 1266 1965 vera
1288 1910 1348 1967 eat.

130 1992 323 2074 Evangelista
344 1993 423 2053 enim
444 1990 560 2050 adiecta
580 1989 683 2050 vocula
704 1980 785 2052 ὡσεὶ
805 2003 889 2072 eum,
919 2010 1007 2070 quam
1036 1993 1151 2070 posuit,
1191 2009 1347 2049 numerum

132 2099 187 2160 pro
207 2076 345 2150 rotundo,
368 2094 455 2154 quem
478 2074 620 2148 dicianus,
642 2075 761 2152 agnosci
782 2074 881 2135 voluit.
944 2075 1005 2134 lam
1026 2096 1116 2154 quum
1137 2076 1221 2134 istius
1242 2093 1348 2134 nume-

16 2150 35 2215 ’.
132 2183 234 2224 ιοιιιιιι
255 2161 373 2240 generis
395 2160 471 2219 haec
492 2159 531 2218 sit
551 2159 638 2230 ratio,
660 2165 694 2218 ut
713 2177 741 2218 v.
762 2178 791 2238 g.
814 2160 934 2220 circiter
954 2160 1038 2219 3000
1060 2157 1347 2238 dicatum-quidquid

133 2249 171 2308 ab
202 2247 260 2305 hoo
291 2263 413 2305 numero
434 2243 557 2322 propius
579 2245 680 2315 abest,
710 2263 796 2322 quam
818 2264 836 2303 a
856 2246 986 2304 numeris
1008 2244 1093 2304 2000
1114 2251 1145 2305 et
1165 2245 1266 2317 400ος
1288 2245 1348 2303 cir-
1379 2275 1384 2286 ι

134 2333 209 2392 citer
229 2331 282 2403 60,
304 2329 446 2408 quidquid
477 2348 494 2386 a
523 2329 652 2388 numeria
673 2328 716 2388 70
737 2336 768 2388 et
788 2326 830 2387 50
850 2327 985 2407 longius,
1015 2335 1104 2408 quam
1123 2350 1141 2388 a
1161 2347 1283 2388 numero
1305 2328 1348 2387 60

29 2482 35 2491 ,
134 2421 280 2476 remotum
312 2419 377 2487 cst,
411 2414 492 2472 cuins
523 2413 569 2471 rei
601 2413 757 2472 veritatem
785 2413 901 2472 idoneis
932 2414 1075 2493 exemplis
1095 2414 1165 2475 'iam
1185 2411 1349 2492 Keple-

133 2519 207 2560 rua
223 2494 259 2581 g)
283 2498 501 2575 comprobavit:
533 2504 672 2575 apparet,
703 2495 829 2556 formula
858 2489 945 2559 ὡσεὶ
967 2489 1147 2583 τριάκοντα
1167 2492 1249 2560 ἐτῶν
1278 2515 1348 2558 cum

135 2582 302 2662 designari,
324 2585 374 2660 qui
396 2582 479 2640 annis
500 2579 543 2638 25
564 2582 665 2654 maior,
686 2579 729 2640 35
749 2582 845 2641 minor
866 2587 922 2641 ost.

221 2667 308 2743 Quod
329 2667 462 2744 sequitur
490 2665 629 2737 verbum,
662 2656 865 2748 ἀρχόμενος,
887 2654 1138 2745 nonnullilt)
1160 2685 1227 2725 cum
1247 2666 1347 2726 verbis

136 2743 218 2816 ὡσεὶ
237 2743 416 2837 τριάκοντα
439 2744 520 2811 ἑτῶν
540 2749 582 2808 ita
603 2750 738 2828 coniungi
758 2750 923 2823 voluerunt,
945 2757 978 2810 ut
998 2770 1103 2811 sensus
1125 2757 1227 2810 esset:
1258 2749 1349 2810 Iesus

136 2857 252 2898 annum
271 2837 347 2915 fere
368 2835 552 2895 tricesimum
571 2832 740 2914 inupubot.
806 2835 890 2912 Quae
910 2835 1076 2920 explicandi
1104 2837 1180 2896 ratio
1201 2835 1272 2916 quia
1291 2835 1363 2913 lin-I

134 3035 338 3061 ’,φ-.-

204 3155 234 3222 a)
252 3151 294 3206 cf.
320 3153 473 3209 Eclxhal.
496 3155 591 3207 Docta.
617 3172 718 3204 numm.
737 3155 780 3218 111,
807 3173 835 3236 p·
861 3155 988 3227 276‘sqq.
1007 3157 1068 3209 281.
1144 3156 1182 3222 'b)
1199 3155 1237 3204 Ita
1254 3153 1349 3206 Sca·
1370 3182 1374 3189 ·

203 3222 320 3290 liger,
348 3222 627 3290 Hackspanius,
669 3221 891 3286 Starckius,
934 3222 1039 3272 laudati
1080 3240 1096 3272 a
1120 3220 1270 3274 Wolfio
1306 3222 1353 3288 (in'

205 3308 275 3358 curis
294 3303 328 3355 ad
345 3305 372 3358 h.
390 3304 442 3372 1.),
463 3307 525 3374 quia
543 3305 594 3357 hoc
610 3324 688 3358 sensu
706 3307 827 3358 voculam
844 3306 918 3360 hebr.
935 3307 956 3356 :2
985 3305 1058 3356 haud
1083 3323 1161 3369 raro,
1189 3305 1349 3375 particulam

205 3369 302 3431 aicvel
327 3367 392 3424 ὡσεὶ
420 3372 484 3423 locis
518 3374 660 3436 10.1,14.
696 3375 747 3426 Mt.
766 3375 807 3439 14,
822 3374 850 3426 5.
896 3376 961 3426 Luc.
980 3377 1022 3438 22,
1040 3373 1083 3426 44.
1118 3374 1232 3424 inveniri
1250 3372 1349 3424 crede-

153 3452 160 3458 ’
204 3441 280 3491 bant.
349 3443 374 3505 c)
393 3442 431 3490 lta
448 3440 651 3507 Bengelius
670 3442 727 3493 ord.
744 3453 827 3511 temp.
845 3461 874 3511 p.
891 3446 961 3506 222,
979 3440 1095 3491 laudatis
1112 3440 1178 3491 locis
1196 3440 1260 3491 Luc.
1270 3440 1349 3503 9,28.

206 3508 268 3559 coll.
286 3508 337 3558 Mt.
358 3511 398 3571 17,
413 3512 442 3575 Χ1.
467 3518 498 3570 et·
516 3509 552 3559 lo.
572 3508 611 3565 19.
633 3509 672 3561 14.
700 3509 800 3574 (verbo
826 3508 887 3574 ἕκτη
905 3512 933 3558 in
950 3512 1022 3575 τρίτη
1041 3510 1164 3575 mutato)
1183 3507 1246 3558 coll.
1263 3508 1348 3558 Maro.

170 3604 172 3609 ·
205 3574 249 3638 15,
267 3574 309 3626 25.
377 3574 1195 3640 11151οΨ8181ιηίοιιι11ι.1.ιι11ιιιοΙοοοΙο.6,19.
1262 3575 1289 3640 e)
1309 3574 1348 3624 De

206 3643 315 3693 ann03i
334 3643 488 3710 intelligunt
504 3642 730 3694 Siislxindius
755 3645 774 3695 1.
790 3644 810 3697 l.
828 3645 849 3708 l,
867 3663 895 3713 p.
912 3643 1082 3707 213-216.,
1101 3644 1146 3712 qui
1164 3661 1234 3706 eum,
1252 3642 1349 3711 siquis

206 3728 290 3760 annos
306 3711 338 3761 31
357 3722 384 3762 et
400 3710 418 3761 4
434 3729 536 3761 menses
561 3722 639 3761 natus
663 3713 712 3767 sit.
746 3706 810 3762 ὡσεὶ
827 3730 866 3781 ro.
884 3711 921 3765 ἐι.
943 3722 1014 3762 recte
1033 3709 1085 3760 dici
1102 3722 1198 3778 negat3
1228 3710 1350 3776 Voge=

205 3776 299 3842 lius,
335 3777 455 3830 chronol.
482 3776 593 3846 Stdpcte
619 3790 667 3831 etc.
693 3781 722 3828 in
748 3778 857 3830 Gableri
884 3778 1001 3829 Journal.
1025 3776 1047 3832 1.
1066 3779 1161 3829 auserl.
1185 3776 1223 3827 th.
1247 3777 1312 3828 Lito
1328 3778 1348 3839 I,

205 3864 233 3914 p.
242 3844 311 3909 2464
329 3844 363 3896 de
381 3862 450 3894 anuo
471 3846 505 3898 32
521 3846 574 3895 iam
591 3845 770 3914 praeterlapso
795 3847 1009 3914 Baanagius,
1026 3844 1099 3896 Anu.
1116 3844 1174 3897 Pol.
1183 3843 1255 3895 Eccl.
1273 3843 1309 3894 ad
1326 3861 1349 3895 a.

132 3961 135 3973 ,
207 3923 268 3961 ante
286 3930 310 3962 a.
328 3911 363 3963 D.
381 3914 417 3974 3.,
436 3912 498 3964 md.
516 3933 543 3982 p.
562 3931 585 3962 a.
603 3914 637 3964 D.
649 3915 692 3974 30,
711 3933 738 3962 ιι.
750 3913 776 3965 4.
793 3912 920 3964 laudante
938 3912 1123 3964 Lardnero
1161 3911 1236 3965 .704.
1254 3922 1320 3963 tom.
1330 3912 1349 3961 1.

207 3978 277 4029 Inter
294 3997 318 4032 a.
337 3981 370 4032 32
390 3990 418 4029 ot
436 3982 470 4032 33
486 3977 616 4030 fluctuant
633 3979 801 4030 Allixius
820 3979 907 4046 (laud.
925 3980 1072 4032 Wolfio
1091 3979 1125 4030 ad
1140 3931 1169 4034 3.
1187 3979 1222 4046 l.)
1239 3977 1349 4028 Laud·-

207 4063 309 4096 uerus
326 4046 345 4098 l.
363 4046 383 4100 l.
460 4045 501 4114 j)
527 4048 567 4096 lta
589 4047 833 4114 Maknightius
857 4047 977 4100 haimon.
1000 4049 1028 4097 in
1051 4047 1100 4098 1v.
1133 4065 1198 4099 eran
1218 4086 1224 4098 .
1243 4058 1310 4096 tom.
1328 4046 1349 4110 1,

206 4131 237 4182 p.
257 4114 316 4167 133.
352 4112 482 4163 Paulus
501 4132 596 4165 comm.
615 4116 635 4178 1,
654 4133 682 4182 p.
700 4114 759 4165 256.
778 4143 813 4154 -
848 4115 941 4166 Varias
959 4118 1136 4183 interpretum
1155 4113 1189 4165 de
1200 4065 1232 4164 i:
1249 4112 1269 4163 l.
1287 4130 1350 4163 sen-

206 4183 304 4232 tentias
322 4181 489 4248 collegerunt
506 4181 712 4232 Kainoelius
730 4180 809 4232 adh.
867 4194 894 4233 et
911 4182 1016 4232 laudati
1034 4180 1067 4231 ab
1086 4199 1117 4233 eo
1134 4178 1238 4234 Wolf
1244 4180 1295 4230 ius
1320 4181 1349 4229 ia

208 4249 286 4313 curis,
321 4246 530 4299 Koecherua
563 4250 592 4298 in
627 4249 696 4301 anal.
732 4249 767 4300 ad
799 4250 810 4299 l
909 4250 1118 4310 Thiessius‚
1152 4249 1216 4311 krit.
1240 4251 1350 4305 domm.

207 4318 234 4380 2,
258 4314 309 4368 285
326 4333 384 4384 sqq.
471 4319 505 4384 g)
523 4317 565 4368 De
590 4335 659 4368 anno
684 4315 714 4370 C.
733 4317 817 4366 natali
835 4335 857 4366 c·
881 4320 920 4381 12,
940 4319 1039 4367 citante
1056 4314 1262 4378 Lardnero,
1282 4318 1306 4379 1,
1322 4316 1349 4367 2

207 4401 236 4451 p.
254 4383 305 4436 705
323 4401 363 4452 aq.
397 4383 529 4452 Exempla
547 4402 561 4434 e
579 4383 684 4435 Livio
701 4387 785 4453 petita
804 4394 878 4448 sunt,
898 4384 988 4453 qui-r.
1007 4403 1033 4452 g.
1049 4383 1068 4436 1.
1087 4382 1135 4448 Vi,
1155 4401 1177 4435 c.
1196 4386 1222 4437 2.
1240 4396 1350 4451 propo

207 4467 221 4500 c
231 4467 268 4500 en
277 4461 315 4499 tu
325 4469 351 4498 m
370 4469 452 4500 annos
471 4451 536 4501 dicit
554 4454 596 4519 (aa
614 4469 640 4501 c.
651 4454 693 4505 28.
707 4451 864 4520 simpliciter
881 4468 896 4515 c
906 4462 983 4502 entu
992 4471 1019 4501 m
1035 4451 1136 4516 vocat),
1155 4451 1212 4520 qui,
1225 4459 1350 4502 monente

207 4516 381 4568 Glareano
405 4519 439 4568 ad
456 4517 483 4572 h.
500 4518 531 4580 1.,
549 4518 638 4588 plures
655 4531 715 4569 sunt
732 4536 813 4587 quam
830 4521 961 4570 anni110.
1012 4518 1118 4570 Similes
1143 4518 1196 4569 loci
1212 4528 1275 4568 sunt
1291 4517 1348 4566 Liv.

205 4585 297 4647 1,15.
334 4584 396 4638 coll.
421 4589 482 4652 21.;
516 4587 559 4653 V,
584 4585 628 4636 40.
664 4585 727 4637 coll.
745 4585 780 4637 54
797 4587 978 4638 etValesio
1013 4585 1167 4649 ad·v,40.
1218 4586 1299 4635 Recte
1324 4592 1350 4631 et

105 4660 109 4664 ’
204 4651 242 4707 Io.
261 4652 288 4719 6,
307 4651 348 4704 19.
367 4651 513 4705 confertur.
592 4653 621 4720 h)
638 4653 800 4706 Erasmus
817 4653 897 4708 adh.
914 4654 935 4711 l.
953 4653 1134 4724 Lutherus
1150 4655 1180 4705 in
1196 4671 1276 4718 nera„
1293 4649 1348 4702 alii.
