2956 5168
158 269 222 341 lto
427 260 512 327 GAP.
527 262 578 327 11.
609 263 663 325 DE
685 261 947 326 TEMPORIBUS
968 262 1117 326 RERUM

162 437 337 517 opinantur,
376 435 498 496 casdem
525 432 585 495 lam
611 440 682 495 ante
709 433 912 519 apostolorum
938 440 1117 496 conventum
1149 434 1242 520 (Act.
1264 456 1292 498 c.
1315 437 1386 523 15.)

162 528 300 583 exaratas
322 540 402 580 esse.
1019 530 1025 543 '
1240 536 1244 543 '
1361 530 1363 535 '

245 607 293 666 Ad
314 608 410 686 ipsam
430 623 518 675 ueto,
548 625 605 684 qua
626 605 703 664 hacc
726 624 773 685 ep.
797 605 963 685 composita
985 605 1034 677 sit,
1057 610 1190 695 aptatem
1211 611 1385 670 accuratius

117 718 128 749 t
162 692 403 752 constituendam
425 690 580 769 aptissima
602 694 670 750 sunt
693 708 731 749 ex
752 696 854 749 nostra
876 690 996 769 quidem
1019 692 1185 764 sententie,
1217 712 1298 771 quac
1319 714 1383 776 cap.

161 779 191 850 4,
215 798 242 836 u.
258 776 308 837 18.
331 777 480 855 leguntur.
524 775 585 834 Ubi
608 776 675 855 qnia
698 774 823 834 Galatae
845 775 1052 850 admonentur,
1074 782 1108 836 ut
1130 779 1382 860 omnitempore,

162 883 219 923 nec
237 870 405 943 praesente
426 861 525 920 solnm
548 861 686 941 apostolo
708 866 795 920 recte
811 859 932 933 faciant,
956 879 1008 920 eos
1023 860 1061 920 ad
1076 862 1272 934 deteriorem,
1298 884 1385 944 quem

160 951 231 1007 ante
252 940 380 1008 alterum
403 947 468 1006 eiua
490 946 652 1007 adventum
673 946 772 1007 secuti
792 944 963 1024 fuenntm)
974 988 984 1019 ‚
1021 947 1131 1027 agendi
1152 947 1305 1009 nationem
1327 968 1386 1010 non

230 1196 344 1250 celius
356 1196 439 1266 (prol.
449 1199 478 1247 in
488 1195 572 1261 Acta,
586 1215 612 1266 p.
622 1197 747 1264 xxm),
762 1196 793 1250 G.
808 1195 901 1250 Guil.
922 1189 1149 1265 Nismdycnus
1163 1194 1282 1265 (indies.
1295 1199 1342 1252 cit.
1352 1198 1385 1252 de

229 1277 326 1333 temp,
341 1284 394 1335 quo
407 1285 449 1335 ep.
462 1263 497 1315 ad
509 1265 566 1317 Gal.
578 1268 677 1333 scripta
690 1263 734 1330 sit,
749 1267 896 1317 accuratius
910 1263 1085 1329 definiendo),
1106 1265 1163 1319 Tlt.
1176 1262 1253 1325 cnr.
1267 1266 1384 1337 'l’yclt-

229 1335 349 1385 aenius
371 1335 411 1400 (in
429 1352 541 1385 excursu
559 1335 595 1385 X.
613 1332 649 1386 ad
665 1332 708 1385 ed.
721 1340 747 1386 3.
771 1334 908 1402 Koppiani
925 1335 954 1384 in
972 1351 1014 1402 ep.
1026 1332 1060 1383 ad
1073 1332 1134 1387 Gal.
1149 1337 1346 1399 commentarii,
1358 1354 1383 1405 p.

230 1403 318 1466 149),-
341 1401 464 1452 l’aulus
487 1401 624 1467 (Heidelb.
645 1401 752 1461 lahnbb.
773 1406 847 1464 1621,
868 1412 937 1469 part.
954 1407 980 1454 t.
1000 1420 1028 1470 p.
1043 1405 1093 1453 636
1101 1401 1179 1470 sqq).
1213 1398 1383 1472 Argiemesttia

230 1479 320 1520 autem
336 1469 439 1520 Keilius
452 1466 692 1534 (consentientibus
704 1468 861 1538 plerumque
873 1471 914 1536 iis,
931 1487 997 1538 quoa
1017 1468 1098 1519 modo
1111 1470 1326 1538 uomiaaqimus)
1344 1470 1382 1522 lais

229 1536 287 1587 fere
299 1539 392 1589 utitur.
424 1536 452 1586 Si
464 1539 557 1588 literae
568 1536 601 1587 ad
615 1537 673 1589 Gal.
686 1536 773 1599 datae,
792 1540 829 1586 ita
841 1536 971 1606 disputat,
989 1535 1130 1588 concilium
1143 1537 1252 1592 llieroe.
1267 1551 1383 1590 anteces-

229 1606 341 1668 sissent,
363 1605 441 1655 huius
462 1606 572 1656 concilii
595 1618 621 1657 et
645 1604 746 1657 decreti
767 1604 869 1656 ibidem
892 1604 956 1655 facti
979 1604 1105 1667 (11115,
1123 1607 1265 1670 23-29.)
1287 1609 1381 1658 mentio

229 1673 258 1721 in
278 1674 309 1722 iis
327 1674 416 1723 omitti
435 1691 489 1724 non
507 1684 623 1742 poterat,
643 1675 720 1738 quia,
736 1693 819 1743 quum
830 1673 881 1724 hoc
895 1675 982 1741 ipsum
994 1670 1130 1723 decretum
1143 1668 1176 1723 ds
1189 1671 1289 1724 eadem
1300 1691 1338 1737 ne,
1349 1673 1381 1724 da

229 1752 282 1808 qua
294 1742 323 1792 P.
338 1743 367 1790 in
380 1757 421 1807 ep.
433 1741 461 1793 lc
483 1752 571 1805 natur,
590 1743 628 1791 ita
646 1740 747 1792 factum
766 1752 842 1802 esset,
860 1751 890 1790 ut
909 1758 968 1792 cum
986 1740 1061 1790 Pauli
1079 1738 1202 1791 doctrina
1215 1753 1380 1810 congruerat,

197 1828 201 1833 ·
228 1807 400 1859 lanceatione
421 1760 500 1859 facile
519 1827 610 1860 omnes
627 1809 839 1860 adversariorum
854 1808 1197 1878 calumniaaopprettissat.
1235 1808 1293 1860 Sed
1305 1828 1381 1879 qaam

226 1876 328 1926 Paulus
343 1875 438 1943 6112,
451 1882 540 1930 6-9.
560 1877 696 1946 apostolos
714 1879 742 1928 in
752 1878 832 1930 omni
850 1896 876 1926 re
893 1894 985 1929 secum
1001 1877 1164 1927 consensisse
1180 1875 1321 1945 pcoiessus
1342 1879 1380 1934 ait.

229 1944 297 2010 quid
314 1943 423 1994 tandem
441 1961 508 2012 opus
527 1956 583 1994 erat
595 1943 694 1995 diserta
712 1956 738 1994 et
751 1944 857 1995 concilii
870 1943 943 1994 illius
956 1956 982 1994 et
994 1938 1095 1995 decreti
1108 1943 1380 1997 commemoratione?

229 2012 331 2059 Deinde
344 2011 425 2059 dubis
445 2011 478 2060 de
496 2010 680 2062 convenientia
699 2011 835 2062 doctrinae
847 2012 923 2060 Pauli
937 2023 962 2062 et
972 2014 1158 2077 'apostolorum
1171 2011 1379 2080 reliqueramus

230 2079 295 2128 oriri
308 2078 419 2146 quidem
431 2079 503 2128 inter
515 2077 625 2131 Galatas
638 2082 755 2146 potuisse
769 2077 922 2144 contendit,
943 2082 969 2139 ai
985 2079 1121 2131 decretum
1140 2081 1173 2135 iis
1185 2081 1240 2135 iam
1252 2082 1379 2133 innotuis·

228 2155 278 2205 set,
299 2144 372 2213 quod
387 2144 497 2212 quidem
509 2163 565 2196 non
578 2148 614 2196 ita
628 2147 710 2196 multo
723 2159 783 2216 post
795 2146 938 2199 concilium
950 2142 1052 2200 Hie'ros.
1066 2146 1101 2196 ad
1110 2138 1310 2217 'eoi'perls'tum
1322 2166 1379 2213 essa,

231 2211 308 2264 locus
326 2211 422 2263 doceat
438 2212 500 2263 Act.
520 2217 563 2277 16,
576 2219 600 2266 6.
635 2214 673 2263 Aa
688 2233 775 2283 neque
786 2213 830 2266 hic
842 2215 929 2282 locus,
946 2212 1088 2265 'decretum
1100 2226 1196 2266 revena'
1205 2202 1270 2269 dum
1284 2216 1379 2270 Galatis

231 2282 457 2331 communicatum
471 2299 527 2332 esse
539 2282 646 2348 probat,
659 2301 755 2350 neque,
768 2285 790 2333 si
802 2282 871 2334 illud
882 2300 971 2334 revera
985 2282 1156 2335 iistcsdltutn
1169 2282 1275 2346 luisset,
1287 2303 1304 2334 1
1315 2283 1380 2335 insa·

228 2346 346 2398 dolentis
359 2351 427 2413 istis,
452 2351 498 2416 qui
512 2350 571 2400 illos
583 2352 612 2399 in
625 2368 726 2401 errores
739 2350 898 2403 induxerant
925 2350 1078 2402 hominibus
1094 2351 1222 2409 altanum-
1241 2351 1324 2404 fuisse
1343 2354 1380 2402 ui·

229 2414 319 2476 detur,
331 2434 440 2484 quoquo
454 2415 568 2469 artificio
584 2418 628 2469 vel
640 2418 795 2487 planissima
805 2387 986 2489 apostolorum
998 2418 1080 2469 uerba
1091 2421 1120 2469 in
1129 2436 1208 2483 suam
1218 2416 1380 2487 detorquere

228 2487 397 2538 sententiam.
438 2485 558 2554 Denique
570 2486 680 2537 Paulum
692 2489 720 2537 in
733 2488 781 2538 hac
794 2506 836 2556 sp.
844 2482 881 2543 de
891 2488 990 2538 rituum
1004 2485 1381 2545 Moesicorutnobsenetions

230 2551 316 2602 multo
336 2552 446 2603 liberius
464 2564 580 2605 statuere
598 2556 678 2615 dicit,
698 2574 779 2622 quam
791 2554 905 2607 eundem
937 2565 977 2605 ost
990 2550 1132 2606 conciflum
1144 2556 1272 2606 statuisse
1285 2555 1381 2624 depre-

182 2607 188 2621 ’
228 2617 392 2683 headamue3
413 2621 444 2679 id,
459 2620 533 2689 quod
552 2623 590 2674 ltis
610 2621 791 2675 demonstrare
807 2622 898 2674 studet
914 2572 994 2673 idcisa
1014 2623 1109 2687 6112,
1122 2627 1147 2675 3.
1160 2626 1264 2691 14166.
1286 2628 1312 2689 5,
1324 2627 1381 2675 211.

230 2686 273 2738 cll.
291 2686 351 2739 Act.
370 2692 411 2751 15,
424 2694 465 2741 28.
484 2694 525 2752 16,
538 2695 564 2741 3.
584 2695 626 2754 21,
640 2696 681 2746 20.
700 2688 783 2742 lCor.
795 2696 820 2754 9,
833 2696 875 2741 20.
911 2690 948 2739 At
961 2691 1016 2741 eius
1029 2692 1067 2740 rei
1080 2707 1157 2740 causa
1169 2708 1225 2741 nou
1239 2692 1270 2740 in
1283 2702 1381 2741 mutato

228 2755 305 2804 Pauli
327 2757 429 2820 animo,
456 2755 504 2806 aed
522 2758 550 2806 in
569 2756 798 2827 diversaeorum,
819 2757 1098 2826 quibuscum-agebat,
1125 2756 1218 2809 indole
1229 2758 1382 2875 quaerenda

229 2833 279 2876 est.
298 2823 404 2873 Etenim
416 2823 631 2894 ψευδαδέλφοις,
641 2827 733 2894 quales
748 2838 832 2889 eraut,
842 2844 908 2894 quos
921 2837 947 2877 et
959 2829 987 2875 in
999 2827 1072 2876 omni
1085 2843 1128 2894 sp.
1142 2824 1178 2875 ad
1191 2826 1233 2879 Gt
1249 2864 1256 2877 .
1271 2827 1345 2889 data,
1358 2836 1382 2877 et

229 2908 270 2953 eo,
284 2888 383 2958 dequo
397 2892 456 2943 Gal.
468 2898 494 2957 2,
508 2897 520 2943 l
533 2911 570 2960 aq.
583 2893 663 2945 verba
676 2893 751 2957 facit,
760 2904 882 2962 tempore
894 2894 1069 2962 impugnatis,
1083 2894 1129 2961 qui
1141 2892 1281 2945 malitiose
1293 2897 1382 2964 pieta-

228 2960 263 3008 tis
282 2961 371 3026 specie
391 2959 469 3010 Pauli
487 2964 672 3013 auctoritatem
692 2962 836 3030 infringere
858 2960 1038 3023 conabantur,
1061 2977 1096 3011 ne
1114 2960 1255 3025 minitlp'um
1277 2961 1382 3033 quidem

229 3025 400 3091 concedebat,
414 3028 545 3078 eiusmodi
559 3047 620 3080 vero
633 3029 796 3094 hominibus,
807 3031 854 3098 qui
871 3047 921 3098 pro
937 3030 1020 3079 animi
1037 3027 1222 3079 imbecillitate
1239 3028 1302 3096 illa,
1317 3046 1384 3099 quaa

229 3093 316 3144 adhuc
334 3097 497 3147 sanctissime
516 3096 670 3160 coluerant,
693 3100 773 3148 Musis
788 3109 932 3165 praecepta
950 3096 1083 3173 negligere
1098 3113 1151 3161 non
1166 3090 1318 3163 audebant,
1338 3101 1381 3148 in-

230 3160 393 3230 dulgendum
408 3181 463 3214 ease
483 3163 605 3215 ducebat.
627 3164 678 3225 Ac,
693 3164 766 3234 quod
777 3166 929 3233 singulatim
942 3164 977 3214 ad
988 3181 1028 3215 rea
1042 3164 1098 3213 'l'iti
1110 3163 1183 3231 (Gal.
1190 3166 1218 3228 2,
1228 3164 1271 3233 3.)
1292 3177 1320 3217 et
1331 3167 1383 3216 ‘l'i-

229 3232 330 3281 mothei
344 3231 417 3295 (Act.
433 3236 471 3293 16,
483 3233 522 3294 3.)
536 3236 641 3298 attinet,
655 3252 767 3301 quorum
781 3232 894 3282 alterum
907 3230 1083 3295 circumcidit,
1096 3232 1210 3282 alterum
1221 3249 1281 3283 non
1313 3250 1384 3285 sasas

229 3310 270 3350 est
283 3300 451 3350 circumcidi:
471 3299 608 3352 Timothei
627 3302 790 3351 circumcisio
803 3298 864 3351 ideo
876 3302 1043 3367 potissimum
1060 3300 1209 3349 necessaris
1226 3251 1381 3362 aldelinus,

228 3369 301 3437 quia,
324 3386 406 3483 quupp
418 3368 471 3447 eius
484 3379 567 3484 mqter
577 3370 675 3485 Ipdpep
686 3378 767 3484 patet,
779 3363 1240 3486 611666686ξίξῦἒέεείεῐεὲιὶΐεξέιὲῦῗέε
1243 3364 1383 3487 3661611ιὲ

228 3453 542 3570 doalireisdiieii'fiisiei
553 3454 980 3571 qqipltpdaqqqadseemepnqoepwm
993 3452 1164 3562 ulciscendi,
1177 3501 1251 3570 quod
1265 3455 1381 3557 tlalt'nn

136 3618 139 3623 ,
198 3580 200 3585 “
228 3570 339 3619 maximi
359 3569 507 3627 iaciebant:
530 3574 609 3622 Titus
621 3583 710 3622 autom
728 3572 874 3641 egentibus
889 3573 1012 3620 oriundus
1025 3578 1092 3621 erat.
1126 3567 1381 3652 Quod‘vcnosrgn-

228 3649 347 3686 mentum
361 3638 425 3689 inde
439 3641 549 3708 petitur,
570 3639 643 3709 quod
662 3640 760 3690 Paulus
778 3641 805 3690 in
824 3638 990 3708 exponendis
1008 3636 1087 3687 rebus
1103 3655 1156 3688 suas
1173 3636 1228 3689 non
1240 3639 1315 3692 ultra
1327 3658 1381 3692 aaut

229 3704 417 3772 progrediatur
438 3719 564 3766 aetatem,
584 3726 653 3776 quae
670 3711 829 3776 interposita
839 3704 919 3758 fuerit
930 3708 1000 3756 inter
1011 3706 1107 3755 itinera
1118 3704 1179 3756 Act.
1192 3723 1232 3757 cc.
1246 3712 1289 3760 11.
1304 3718 1332 3759 et
1342 3712 1382 3760 15.

228 3770 361 3838 descripta
386 3774 461 3839 (Gal.
477 3781 503 3838 2,
517 3777 623 3843 1166),
636 3775 664 3825 id
675 3786 804 3846 quantum
816 3775 911 3839 valeat,
933 3791 967 3824 ex
979 3774 1022 3837 iis,
1034 3790 1102 3840 quae
1114 3792 1140 3842 p.
1154 3776 1203 3825 tte
1214 3791 1274 3843 sqq.
1296 3774 1383 3827 disse-

228 3847 329 3902 nentur,
343 3843 525 3908 apparebit·
539 3841 670 3910 Cl,‚quae
682 3855 773 3911 contra
787 3844 852 3895 haec
864 3840 946 3892 Keilii
964 3851 1118 3915 argumenta
1136 3840 1382 3894 llertltoldtius

229 3905 375 3976 disputavit
393 3909 424 3972 (l.
444 3910 462 3962 l.
483 3910 532 3973 Vl,
553 3930 580 3979 p.
592 3913 749 3979 stttsqq.)‚
773 3912 932 3962 Winenus
956 3909 1112 3977 (proiice
1133 3906 1188 3962 ,ad
1200 3908 1260 3961 Gal.
1273 3929 1304 3980 p.
1319 3911 1382 3978 to),

168 3988 171 3993 '
229 3973 394 4047 schottus
416 3978 492 4045 (isag.
508 3980 536 4027 in
554 3970 648 4046 ep.’ad
660 3980 714 4029 Gal.
735 3999 760 4045 p.
775 3984 806 4029 ll
818 3995 892 4044 sqq„
913 3979 977 4045 isag.
989 3979 1017 4027 in
1029 3979 1055 4041 11.
1066 3976 1097 4029 N.
1109 3927 1137 4028 11.
1148 3978 1174 4041 §.
1183 3981 1227 4039 611,
1238 3981 1263 4029 1.
1287 3978 1336 4032 cll.
1349 3979 1381 4032 l.=

229 4048 467 4112 ,sjroerterungetc
480 4064 505 4112 p.
515 4050 592 4113 33aq.
606 4047 683 4108 not).
701 4045 824 4098 Ceterum
837 4046 891 4094 iam
903 4045 1066 4113 Paleyius
1079 4044 1148 4110 (lton.
1161 4045 1189 4098 Ρ.
1200 4049 1382 4114 p.'169sqq.),

180 4136 182 4143 ·
229 4109 293 4160 dum
308 4112 550 4181 explicarentudet.
576 4112 670 4182 quidni
683 4113 840 4182 ep.'Galatis
852 4113 951 4181 scripta
972 4110 1299 4181 (quampost'ccncllium
1313 4116 1383 4165 Hie-

227 4196 278 4231 ros.
300 4193 436 4231 exaratam
456 4184 559 4249 censat)
578 4182 759 4250 apiostolorum
779 4181 914 4234 decretum
933 4190 1166 4241 commemoretur,
1189 4181 1263 4231 varia
1288 4199 1383 4234 eorum

226 4248 352 4314 protulit,
373 4268 443 4319 quae
464 4250 536 4310 huic,
559 4251 591 4302 de
612 4269 664 4318 que
688 4252 766 4303 modo
789 4250 915 4312 diximus,
934 4250 1080 4300 sententiae
1100 4250 1174 4298 necte
1194 4262 1383 4317 opponuntur.

167 4308 172 4327 ¹
228 4315 266 4380 m)
286 4316 393 4368 Galatas
406 4320 456 4368 iam
471 4323 625 4388 priusquam
638 4320 734 4370 Paulus
751 4321 848 4389 iterum
860 4335 888 4368 se
901 4315 935 4366 sd
947 4333 991 4367 ecs
1005 4314 1168 4379 contulisset,
1187 4317 1215 4366 in
1229 4318 1322 4368 uarios
1336 4336 1381 4370 en-

228 4400 300 4433 rores
312 4384 402 4435 induci
415 4405 471 4441 sese
485 4406 573 4455 passos
585 4406 649 4447 esse,
670 4389 718 4439 etsi
736 4394 750 4437 u'
769 4384 905 4439 nonnullis
919 4395 1042 4454 negatum
1055 4395 1103 4449 eet,
1123 4384 1213 4451 tun'tst't
1225 4384 1279 4435 non
1291 4387 1383 4436 solum

165 4504 177 4519 Ι,
229 4466 263 4499 ex
280 4450 328 4502 hoc
347 4453 405 4520 ipso
425 4468 546 4523 apparet,
569 4454 640 4520 quod
653 4456 700 4505 ille
713 4471 758 4504 eos
770 4451 956 4523 tantummodo
968 4469 996 4502 oe
1008 4450 1257 4520 piaesente'redtsm
1271 4454 1383 4523 ingres·
1419 4471 1422 4478 ’

165 4521 169 4529 ’
228 4533 270 4568 tos
283 4535 338 4569 esse
352 4522 420 4570 viem
432 4524 532 4587 innuit,
554 4522 605 4575 sed·
614 4534 639 4573 et
651 4520 714 4579 inde
727 4522 908 4590 cognoscitur,
930 4516 1002 4583 quod
1014 4518 1112 4589 δεμ,
1124 4520 1291 4584 ntes-15„
1317 4521 1382 4572 dum

228 4602 297 4659 eam,
327 4607 405 4655 quam
430 4593 503 4658 prius
525 4594 608 4643 secuti
632 4594 701 4649 sint,
732 4591 861 4641 rationem
884 4586 995 4650 laudat,
1014 4584 1121 4636 acduini
1142 4586 1330 4705 idiotitgonia
1354 4593 1384 4641 in

227 4662 380 4721 memoriam
396 4670 514 4725 revocat,
544 4677 579 4709 uo
594 4662 704 4727 primum
719 4655 895 4725 interece'de
913 4656 971 4706 erit.
990 4650 1046 4721 (dt,
1059 4652 1222 4709 'S'cli'ottus
1277 4670 1383 4710 noenta-

229 4740 297 4790 nung
311 4735 360 4802 otc.
377 4742 403 4795 p.
414 4729 506 4794 1516,
525 4678 729 4792 1116111111,
743 4721 890 4779 comnena.
924 4720 952 4774 b.
965 4718 991 4775 d.
1004 4720 1087 4775 ent.
1100 4739 1134 4772 an
1146 4720 1174 4775 d:
1185 4691 1247 4776 611.
1257 4726 1383 4794 piatis).
