2956 5168
192 263 255 326 loo
362 253 448 319 (idl'.
468 252 518 314 lll.
559 243 899 312 summonitus
921 235 1250 319 susurronum,

191 440 240 495 ter
260 428 411 492 Neronem
432 431 465 486 et
486 424 613 484 Burrum
641 420 740 479 a'ctnm
762 435 850 491 csse,
882 433 981 495 neque
1002 413 1128 476 Festum
1148 412 1188 474 od
1208 412 1353 475 ludecen
1373 432 1425 475 ro-

191 517 317 600 geudam
340 511 495 575 sdreuissc
515 501 646 588 patetl).
893 582 896 595 Ι

146 669 148 673 ,
278 617 418 678 Attamen
439 616 523 684 suut,
556 626 633 688 quse
655 604 747 666 multo
769 604 881 663 maiore
903 620 970 662 cnm
992 602 1056 662 reri
1078 601 1180 681 specle
1201 605 1341 681 tempus,
1362 621 1425 681 quo

193 703 279 764 Felix
314 697 502 770 discesserit,
536 700 612 752 onte
640 710 668 750 ο.
696 690 746 750 ol.
788 688 926 749 collocuti
963 688 1100 747 doceant.
1165 683 1275 747 Paulus
1304 692 1339 755 et
1370 689 1424 767 qui

193 808 260 850 cum
283 805 319 846 eo
341 787 439 855 eraut,
471 798 562 860 quum
584 776 710 836 Romam
732 773 926 846 ducerentur,
955 770 1106 833 mensibus
1136 771 1270 832 hibernis
1290 764 1424 834 Melitae

192 872 341 954 peractis,
368 870 399 928 in
413 864 559 927 ‚Siciliam
587 862 777 939 navigemut,
807 858 964 938 Syracusis
993 876 1050 936 per
1078 856 1207 916 triduum
1234 863 1423 931 manserunt,

190 957 264 1019 inde
277 954 442 1034 Rhegium,
462 969 497 1009 uc
518 952 587 1030 post
609 945 730 1005 biduum
744 943 883 1004 Puteolos
904 943 998 1016 vecti,
1019 941 1122 1020 ibique
1141 960 1199 1022 per
1218 945 1339 1021 septem
1351 940 1424 1004 alies

193 1040 382 1113 commorati,
403 1036 529 1096 Romam
549 1030 669 1092 tandem
691 1024 939 1110 pervenerunt),
962 1027 1026 1086 dies
1047 1027 1139 1106 igitur
1158 1026 1227 1087 fero
1246 1024 1424 1107 qaindecim

192 1127 223 1188 ln
251 1144 289 1187 eo
315 1125 424 1185 itinere
451 1121 683 1180 consumserunt
734 1113 794 1173 lem
823 1132 913 1192 quum
943 1116 1024 1173 teste
1052 1109 1221 1191 Vegetio
1236 1107 1278 1195 m)
1308 1114 1423 1174 nunus

191 1229 276 1272 more
296 1227 352 1288 per
372 1207 503 1266 hiemem
524 1202 655 1262 clausum
677 1218 735 1259 uon
757 1199 839 1278 prius
860 1196 979 1277 ingredi
1002 1195 1147 1270 solerent,
1169 1214 1258 1276 qnam
1279 1214 1305 1255 a.
1322 1195 1354 1256 d.
1371 1195 1421 1258 vl.

192 1294 263 1356 ldus
284 1292 428 1364 Murtias,
449 1287 577 1360 Paulus,
599 1286 657 1344 hoc
680 1285 799 1344 circiter
820 1282 870 1343 dic
891 1281 997 1342 Melita
1018 1280 1182 1361 pmlectus,
1204 1287 1344 1342 extremo
1367 1280 1422 1343 de-

191 1397 272 1440 mum
293 1375 413 1449 Martio,
433 1372 482 1434 vel
503 1372 600 1433 serius
623 1370 721 1443 mium,
741 1367 869 1427 Romam
883 1367 994 1427 adiisse
1009 1366 1156 1446 putsudus
1174 1372 1234 1427 est.
1264 1365 1310 1426 llti
1325 1365 1420 1429 lulius

192 1463 337 1536 centurio,
359 1461 443 1520 cuius
458 1476 548 1519 cures
563 1462 593 1516 et
607 1453 758 1533 spostolus
775 1459 806 1512 et
818 1454 926 1530 captivi
940 1450 1049 1530 reliqui
1070 1452 1222 1512 commissi
1242 1456 1339 1526 crant,
1362 1450 1421 1513 ltus

156 1574 158 1578 ’
192 1566 295 1610 omues
311 1545 475 1629 praesecto
490 1539 646 1624 praetorii
665 1536 728 1623 (τῷ
743 1528 1020 1622 στρατοπεδάρχῃ
1027 1532 1081 1618 *))
1104 1534 1237 1597 trcdidlt.
1267 1534 1332 1596 lam
1345 1554 1420 1598 vero

192 1651 252 1714 qno
272 1637 409 1711 tempore
429 1627 487 1687 duo
509 1631 595 1688 erunt
615 1623 762 1705 preelecti
783 1622 948 1704 praetorio,
969 1623 1059 1683 vincti
1075 1621 1248 1702 praefectis
1268 1620 1351 1682 tradi
1373 1619 1420 1683 dl·

192 1711 384 1795 momentu).
416 1713 518 1792 ltaque
539 1728 630 1790 quum
651 1708 748 1768 Lucas
770 1707 886 1768 nouuisi
908 1707 947 1767 dc
968 1724 1030 1766 uno
1050 1706 1196 1785 loquatur,
1218 1705 1290 1785 quid
1304 1724 1418 1787 quum

192 1801 380 1863 verisimilius
394 1805 450 1873 est,
473 1814 561 1876 quam
583 1813 680 1853 unum
700 1793 752 1852 illa
774 1797 872 1852 aetstc
893 1791 951 1851 hoc
972 1791 1148 1871 magistratu
1167 1790 1304 1852 Iunctum
1325 1791 1420 1852 esset

190 1885 259 1947 Bini
278 1891 376 1946 antem
399 1891 431 1945 ct
453 1888 522 1945 cute
538 1880 627 1940 Burri
649 1887 783 1957 tempore
805 1886 836 1938 et
849 1884 963 1958 'postes
985 1873 1159 1937 cohortibus
1181 1876 1342 1959 praetoriis
1361 1877 1419 1939 im·

191 1972 394 2052 ponebantur:
438 1968 545 2026 Burro
564 1965 655 2044 igitur
682 1961 847 2043 apostolum
868 1962 1010 2024 traditum
1032 1980 1115 2036 esse,
1136 1961 1201 2022 lure
1222 1967 1327 2024 nostro
1348 1978 1419 2023 con·

258 2320 288 2384 t)
306 2317 526 2372 Schmidtius
544 2311 684 2383 (Chronol.
702 2312 727 2367 d.
745 2312 895 2385 ApGesch.
913 2333 941 2384 p.
960 2315 1119 2432 139-1412
1144 2324 1171 2366 et
1188 2312 1328 2383 Hngins
1345 2314 1380 2383 (I
1398 2299 1416 2367 l.

230 2395 235 2416 ⁴
257 2390 331 2457 1l,p.
344 2387 432 2454 316),
451 2396 481 2437 ut
497 2384 613 2436 Felicem
630 2385 704 2453 prius
723 2400 746 2435 n.
763 2387 806 2435 62.
830 2382 925 2433 urbem
941 2385 1078 2453 repetiisse
1116 2394 1319 2443 monstrarent,
1336 2402 1418 2455 pree·

256 2469 300 2510 ter
317 2455 370 2507 aliu
385 2455 447 2506 loco
464 2452 505 2504 usi
523 2463 599 2518 sunt,
627 2452 674 2520 qui
696 2452 726 2501 in
749 2450 855 2519 Iosephi
877 2453 948 2514 rita,
977 2455 1052 2516 §.Q
1071 2451 1187 2519 legitur,
1206 2451 1254 2502 ubi
1277 2463 1418 2505 ιιοῑουο

257 2521 320 2596 μετ’
340 2519 465 2576 εἰκοστὸν
481 2521 528 2573 καὶ
545 2518 624 2573 ἕκτον
641 2514 768 2571 ἐνιαυτὸν
783 2520 894 2570 Romam
912 2521 974 2569 neri
995 2537 1051 2571 esse
1068 2530 1213 2585 memorat,
1238 2531 1268 2570 ut
1287 2519 1417 2573 sacerdo-

256 2605 298 2647 tes
316 2590 445 2660 quosdam
463 2587 515 2641 sibi
533 2590 650 2652 amicos,
670 2605 735 2656 quos
753 2586 831 2638 Felix
848 2589 951 2638 vinmoc
969 2538 1034 2638 illuc
1051 2589 1176 2652 misisset,
1194 2587 1333 2645 liberaret.
1368 2588 1418 2640 Et·

260 2661 331 2713 enlm
355 2657 496 2728 losephum
520 2674 590 2707 enno
609 2674 632 2707 a.
650 2654 684 2705 D.
702 2660 744 2706 62.
769 2656 862 2716 aetatis
886 2671 986 2704 annum
1002 2660 1044 2707 26.
1071 2657 1169 2725 egisse,
1196 2657 1249 2707 lter
1271 2674 1339 2708 vero
1356 2667 1418 2726 post

260 2727 357 2779 Felicis
375 2728 482 2777 ebitum
499 2726 645 2793 suscepisse
664 2721 837 2776 arbitrantur.
872 2721 926 2773 Sed
944 2741 1108 2792 quemquern
1119 2722 1302 2788 concedimus,
1322 2742 1417 2775 narre-

258 2798 359 2846 tionem
382 2794 459 2845 illam
482 2793 520 2842 ita
544 2809 572 2842 ss
596 2791 712 2853 hebere,
735 2802 766 2840 ut
788 2790 916 2859 Iosephus
934 2789 1051 2858 digresso
1069 2790 1177 2841 demum
1194 2803 1373 2908 procuratore
1390 2793 1417 2843 in

258 2862 352 2914 urbem
369 2879 397 2913 se
414 2860 557 2912 contulisse
576 2857 704 2908 dicendus
721 2860 754 2908 sit
785 2875 839 2908 non
857 2876 887 2909 ac
905 2859 927 2909 si
945 2876 1006 2909 cum
1018 2860 1105 2926 Hugio
1124 2878 1184 2910 eum
1218 2859 1287 2912 elice
1304 2878 1349 2911 res
1367 2859 1418 2910 ad·

189 2970 192 2977 .
257 2931 310 2981 huc
335 2928 537 2979 administrante
563 2926 619 2977 tale
641 2924 708 2994 quid
734 2944 768 2975 su
790 2943 834 2976 ere
862 2943 917 2976 non
942 2929 1061 2996 potuisse
1087 2926 1257 2978 crederemus
1272 2954 1310 2968 -·
1328 2944 1416 2998 neque

258 2999 343 3061 enim,
363 3007 393 3046 ut
408 2994 526 3047 Felicem
543 3005 692 3055 accusaret,
709 2992 757 3043 sed
774 3004 804 3043 ut
822 2995 914 3045 amicis
933 3011 1012 3064 opem
1028 2992 1120 3059 ferret,
1139 3013 1167 3046 se
1183 2994 1341 3065 profectum
1360 3015 1415 3048 esse

258 3064 413 3128 scribitm,
431 3062 479 3114 sed
495 3063 577 3132 quia,
596 3080 680 3131 quum
701 3061 821 3112 indicato
846 3063 948 3113 itineris
966 3079 1036 3113 enno
1055 3063 1111 3112 eius
1131 3081 1238 3114 causum
1257 3064 1299 3114 luis
1316 3063 1417 3134 prodet

256 3133 360 3188 verbis:
379 3129 451 3184 καθ’
472 3126 511 3183 ὃν
525 3125 657 3201 χρόνον
668 3131 755 3189 Φῆλιξ
770 3133 816 3195 τῆς
830 3125 964 3187 Ἰουδαίας
981 3125 1173 3198 ἐπετρόπευεν,
1187 3132 1267 3200 ἱερεῖς
1277 3132 1417 3188 τινὰς-υ

258 3203 296 3261 εἰς
312 3196 361 3266 τὴν
379 3194 487 3269 Ῥώμην
511 3197 652 3267 ἔπεμψεν,
685 3196 781 3248 Felicis
798 3208 908 3247 aetatem
925 3197 958 3247 ub
985 3198 1088 3248 itineris
1112 3210 1223 3268 tempore
1249 3197 1417 3268 distinguit),

188 3308 191 3314 ,
257 3271 317 3337 etsi,
335 3271 455 3338 inquam,
473 3267 538 3316 haren
557 3263 739 3327 concedimus,
758 3276 929 3316 cunctamen
941 3269 983 3320 62.
1002 3266 1122 3316 Flavium
1139 3269 1167 3317 in
1185 3265 1288 3317 ltaliam
1307 3277 1416 3318 rectum

258 3355 314 3390 esse
332 3353 465 3409 negamus.
500 3333 608 3385 Scilicet
630 3344 707 3382 nutus
729 3344 768 3383 est
791 3332 916 3403 Iosephus
940 3350 1009 3383 unno
1032 3331 1170 3402 Caligulae
1192 3336 1280 3405 primo
1298 3333 1352 3402 (ci.
1368 3337 1416 3387 rit.

257 3406 309 3457 Ios.
327 3407 352 3469 §.
370 3405 422 3470 1.),
439 3405 459 3456 i.
477 3421 499 3454 e.
519 3402 590 3452 inter
608 3399 689 3464 diem,
709 3401 756 3469 qui
776 3411 833 3451 erat
851 3419 875 3452 u.
894 3400 920 3450 d.
940 3401 1027 3452 XVII.
1045 3402 1107 3459 Kal,
1125 3402 1192 3471 Apr.
1211 3419 1233 3454 ι.
1243 3407 1285 3455 37.
1303 3404 1376 3467 (non
1392 3420 1414 3455 a.

259 3479 319 3536 66,
344 3483 376 3521 ut
398 3467 562 3522 Schmidtius
606 3478 678 3535 utet,
707 3485 738 3518 eo
762 3467 852 3539 lapsus
877 3487 982 3535 errore,
1009 3467 1044 3520 (le
1065 3489 1118 3539 quo
1136 3469 1307 3521 disseruimus
1325 3488 1356 3540 p.
1375 3475 1413 3523 13.

255 3550 314 3592 not.
332 3539 372 3606 0.)
391 3537 559 3606 eundemque
577 3487 649 3587 diem
665 3538 729 3587 anni
747 3536 876 3602 insecuti;
891 3536 965 3588 idern
982 3555 1065 3588 nnnos
1084 3537 1200 3589 habebnt
1218 3542 1251 3590 dd
1268 3554 1343 3591 anno
1361 3540 1414 3589 irn-
1439 3583 1440 3588 ,

256 3609 326 3679 perii
343 3607 492 3658 Domitiani
509 3604 582 3656 Xlll.
600 3606 665 3670 (los.
682 3609 746 3657 Ant,
762 3609 811 3667 20,
831 3610 878 3667 11,
896 3607 950 3670 2.),
977 3605 1003 3656 h.
1023 3623 1046 3657 e.
1068 3607 1139 3657 inter
1157 3605 1219 3657 Idus
1235 3605 1310 3675 Sept.
1332 3623 1358 3658 a.
1374 3611 1415 3658 911

257 3686 286 3729 et
302 3679 359 3740 ss,
385 3677 415 3725 in
436 3675 525 3725 lucem
550 3673 634 3741 igitur
659 3671 748 3722 editus
771 3684 811 3724 est
833 3674 904 3724 iuter
925 3673 964 3727 ld.
987 3673 1062 3742 Sept.
1081 3691 1105 3723 a.
1122 3679 1165 3727 st.
1183 3685 1210 3726 st
1226 3673 1322 3724 Martii
1342 3673 1415 3724 diem

256 3743 332 3797 XVI.
350 3760 373 3796 e.
391 3747 448 3805 «Ὦ,
468 3759 568 3792 annum
586 3741 832 3793 enuntiaremus
850 3740 924 3811 Sept.
942 3759 1004 3792 ann.
1023 3740 1140 3809 epochae
1148 3742 1232 3792 Dion.
1244 3746 1285 3793 63.
1295 3751 1325 3792 et
1336 3741 1414 3791 Mer-

255 3813 324 3863 tium
342 3829 366 3866 e.
386 3814 428 3864 64.
448 3808 582 3879 explerit,
601 3826 686 3876 eaque
704 3807 738 3859 de
755 3826 834 3860 ceusu
847 3809 899 3860 iter
910 3811 1057 3860 Romanum
1070 3821 1116 3861 eut
1127 3809 1228 3861 ultimis
1241 3813 1315 3862 eos.
1333 3827 1415 3861 men-

256 3877 342 3944 sibus,
361 3888 408 3930 aut
425 3895 448 3931 e.
466 3880 508 3929 64⁴.
526 3877 658 3943 ingressus
677 3887 726 3929 est.
761 3877 820 3928 Ηοο
838 3878 910 3928 enim
926 3878 994 3939 iure,
1012 3876 1101 3945 oredo,
1118 3880 1252 3947 ponimus,
1270 3877 1415 3948 losephurn

257 3947 292 3999 de
312 3948 388 3999 annis
407 3946 500 3994 aetatis
517 3947 562 3996 26·
582 3954 608 3992 et
624 3946 665 3992 56.
682 3944 737 3992 iam
755 3945 856 3995 exactis
873 3943 964 4012 loqui3
989 3946 1103 4013 partim,
1122 3947 1185 4015 quie
1202 3944 1249 3996 vul
1267 3962 1284 3996 o
1301 3955 1346 3995 tot
1362 3963 1414 3995 sn·

256 4032 306 4066 nos
325 4015 382 4064 neti
400 4029 456 4062 esse
472 4010 596 4070 dicimur,
607 4020 678 4124 punt
695 4011 749 4058 iam
767 4011 943 4079 explevimus,
961 4012 1070 4080 partim,
1088 4017 1153 4082 quie
1169 4013 1220 4064 hac
1257 4030 1350 4064 smum
1367 4031 1415 4063 re-

236 4085 331 4135 ⁴tione
351 4097 441 4131 rerum
461 4088 517 4143 est,
551 4094 604 4145 quo
642 4075 715 4126 idem
734 4076 781 4139 (de
798 4081 851 4127 rite
869 4095 925 4144 sua,
943 4081 966 4142 §.
982 4081 1021 4144 4.)
1037 4079 1130 4147 refert,
1163 4098 1200 4142 se,
1219 4098 1302 4151 quum
1319 4080 1414 4132 amicis

256 4149 332 4202 facili
349 4148 458 4216 negotio
475 4144 597 4196 liberetis
615 4145 643 4193 iu
660 4145 773 4214 petrium
791 4144 922 4211 rediisset,
949 4145 1115 4198 tumultuum
1134 4167 1236 4213 eorum,
1253 4148 1301 4216 qui
1318 4160 1414 4217 postea

257 4219 286 4268 in
304 4216 406 4268 bellum
423 4215 573 4279 vertissent,
591 4213 668 4262 initia
685 4211 907 4283 deprehendisse,
927 4215 1025 4266 etenim
1038 4215 1130 4268 Gessio
1151 4215 1258 4268 demum
1275 4232 1414 4285 procure-

256 4295 317 4335 tore
332 4284 432 4335 moveri
450 4280 547 4334 seditio
567 4281 665 4349 coepit,
699 4299 760 4332 uern
778 4281 889 4334 biennio
907 4294 968 4334 ente
984 4282 1050 4334 belli
1069 4284 1210 4336 exordium
1229 4283 1257 4349 (i.
1275 4302 1300 4335 e.
1318 4299 1345 4335 a.
1355 4283 1415 4350 64.)

257 4352 288 4401 in
304 4353 470 4419 provinciam
487 4349 658 4413 venissem
721 4359 742 4400 t.
759 4354 801 4413 20,
820 4354 867 4417 11,
886 4355 910 4405 1.
930 4350 1065 4404 discimus.
1151 4352 1174 4418 l)
1191 4351 1254 4404 Act.
1271 4355 1316 4418 28,
1336 4354 1415 4403 11-

253 4422 298 4472 16.
366 4418 404 4489 m)
423 4419 463 4470 De
480 4437 510 4470 re
527 4416 605 4468 milit.
623 4419 649 4479 4,
667 4421 708 4469 39.
775 4418 804 4484 *)
821 4416 883 4474 Act.
900 4424 943 4483 28,
963 4424 1003 4473 1⁶.
1073 4423 1103 4488 n)
1123 4416 1165 4472 cf.
1183 4420 1328 4472 Traiun.
1355 4420 1413 4516 (p.

256 4486 326 4539 Plin.
345 4491 453 4555 ep.10‚
472 4486 545 4551 65.)t
572 4485 697 4549 „rinctus
721 4484 794 4534 mitti
820 4484 855 4534 ed
898 4484 1030 4605 affectos
1052 4489 1182 4558 praetorii
1207 4489 1261 4540 mei
1287 4483 1384 4538 (lebet‘
1403 4504 1413 4550 ;

256 4551 493 4607 Philostratus
519 4553 580 4638 (sit.
601 4551 713 4622 sophist.
730 4557 761 4618 2,
778 4551 839 4620 ³2.)
884 4573 899 4606 e
942 4553 1062 4606 eliodoro
1084 4556 1204 4631 sophistas
1212 4596 1220 4625 ,
1238 4553 1330 4607 caedis
1345 4571 1412 4607 reo:

256 4618 488 4689 dssni‘umdrr'eic
501 4636 555 4686 sur
573 4615 680 4688 Ῥώμην
702 4614 738 4678 ὡς
756 4616 999 4694 ἀπολογησόμενος
1020 4627 1100 4682 τοῖς
1121 4623 1188 4678 ἑῶν
1210 4623 1416 4696 στρατοπί-

257 4688 328 4744 δων
357 4682 538 4758 ἡγεμόσιν.
589 4683 630 4739 Cf·
652 4687 850 4741 Latdnerus
876 4690 950 4758 (1.0,
969 4690 997 4760 l,
1018 4710 1046 4762 P,
1063 4694 1152 4761 429⁸),
1190 4690 1416 4746 Schrader„
