2956 5168
388 236 580 311 mnenon
600 244 659 309 m
680 208 957 310 coemamus
1081 305 1085 313 ,
1231 248 1293 311 ms

65 413 191 465 Paulus
217 414 332 484 (exeget.
353 414 426 467 Hdb.
446 426 497 469 etc.
515 418 536 480 1,
556 421 581 482 l,
610 434 638 488 p.
656 415 745 481 266),
771 417 825 470 alii.
871 417 914 468 De
939 432 990 484 qua
1016 415 1235 486 sententia‘quid
1251 419 1288 468 sit

32 523 36 528 .
65 480 251 547 iudicandum,
269 485 363 552 paucis
380 483 547 550 indagemus.
594 485 784 556 Iosephus
808 483 963 548 Herodem,
979 484 1074 536 morbo
1092 485 1288 554 post'eclipsin

64 549 140 601 illam
157 551 372 618 ingravescente,
390 551 509 604 medicos
532 554 715 618 arcessivisse,
733 565 759 604 et
777 573 878 622 quum,
894 554 1010 604 traiecto
1027 550 1159 616 Iordane,
1178 552 1289 605 thermis

67 616 231 670 Callirrbotis
247 617 344 670 frustra
362 638 424 671 usus
442 632 527 683 esset,
557 621 758 672 Hierichuntem
776 621 886 672 rediisse
903 631 1012 686 narrat,
1042 619 1090 670 ubi
1114 619 1197 690 paulo
1215 633 1286 691 post,

65 686 165 754 quinto
188 697 250 737 aute
272 700 385 738 mortem
404 688 464 752 die,
488 689 664 758 Antipatrum
691 688 779 740 occidi
802 690 908 739 iusserit
937 688 1022 756 (Ant.
1048 692 1090 755 lt,
1107 695 1133 752 6,
1152 693 1241 752 6-8,
1262 694 1285 741 l.

64 753 240 819 B.1.1‚ss,
260 756 374 822 5-8.)
410 753 486 806 Obiit
503 768 591 806 eutem
608 756 729 807 Herodes
753 752 827 808 brevi
851 768 913 808 ante
938 757 1097 826 septimum,
1116 758 1167 825 ,qui
1189 756 1288 826 pasche

65 834 256 890 praecesserat,
276 822 348 873 diem
371 824 409 891 (i.
431 842 458 893 p.
479 829 504 876 9.
522 827 589 890 in.);
615 823 689 892 quod
707 822 816 894 quidem
833 821 929 875 festum
957 843 979 876 a.
996 825 1028 876 U.
1045 829 1103 877 750.
1123 842 1216 876 meuse
1233 842 1287 876 uno

65 899 129 958 post
147 888 226 952 illud,
251 907 305 958 quo
323 890 386 940 luna
410 891 561 957 defecerat,
587 891 767 960 plenilunium
786 892 879 961 elapso
900 889 1064 943 celebratum
1082 909 1153 956 esse,
1170 893 1289 944 maxims
1384 947 1386 951 ,

65 958 187 1037 omnium
204 956 346 1038 probabile
364 971 411 1013 est.
453 962 547 1028 Itaque
565 961 599 1008 ab
617 960 710 1028 eclipsi
728 959 864 1029 usquead
881 959 996 1011 Herodis
1013 958 1129 1010 reditum
1146 961 1175 1008 in
1192 957 1288 1011 urbem

64 1024 301 1142 Ι1111011ἕ1ιιιηεηιειιι
314 1032 346 1144 166
359 1025 419 1110 ‘fere
436 1027 495 1108 dies¹
520 1025 692 1110 effluxerunt.
726 1032 817 1109 Atque
843 1026 1088 1116 1)οο·1εη)ροι·ὶεμε
1110 1029 1164 1078 atio
1191 1027 1288 1097 quidni

92 1110 138 1143 ero
159 1110 186 1142 es
215 1105 243 1144 et
270 1112 321 1164 pro
342 1113 406 1146 creor
428 1094 595 1149 Callrrrhoen
624 1107 651 1146 et
677 1104 775 1148 reverti
803 1106 938 1166 potuerit,
967 1113 1022 1145 non
1048 1114 1075 1146 rr
1096 1113 1137 1146 eo.
1193 1096 1288 1164 Neque

65 1161 137 1212 enim
157 1159 232 1241 ille,
258 1174 403 1244 postquam
430 1165 458 1214 in
487 1182 549 1215 eum
577 1164 668 1215 locum
695 1166 785 1227 venit,
814 1165 861 1214 diu
887 1162 1068 1233 exspectavit,
1097 1181 1132 1214 en
1157 1163 1224 1232 quid
1253 1182 1288 1216 ex

64 1225 334 1311 thermu-commodi
358 1243 434 1314 esset·
447 1244 639 1350 percepturus,
665 1231 728 1314 sed,
761 1231 909 1312 quumad
936 1248 1032 1312 corpus
1055 1229 1201 1313 forendpm
1223 1230 1288 1282 bal·

63 1313 117 1347 neo
135 1296 188 1347 olet
206 1297 287 1348 cehdr
304 1316 366 1351 usus
391 1317 506 1350 ammam
535 1318 580 1351 ere
596 1299 748 1365 efflarrsset,
766 1311 856 1348 statem
873 1298 1076 1350 Hierichuntem
1093 1297 1175 1350 redut
1205 1300 1287 1366 (Ios.

64 1363 195 1446 Ant-lt,
214 1371 240 1428 6,
258 1371 284 1418 5.
302 1368 332 1418 Β.
351 1369 467 1431 1.1,33,
485 1369 533 1436 6.).
551 1397 587 1450 -s
628 1370 683 1418 At
703 1388 730 1436 p.
743 1373 784 1419 10.
803 1378 869 1448 που).
882 1387 904 1417 e.
931 1367 1209 1436 Kepleri'scriptie
1225 1366 1287 1420 h.l.

66 1443 154 1483 crtetrs
171 1432 240 1484 adde
264 1434 284 1484 1.
315 1433 349 1486 de
378 1436 455 1486 stella
481 1453 550 1487 nova
567 1455 597 1486 rn
613 1435 683 1506 pede
700 1445 876 1504 serpentem,
904 1436 980 1502 Prag.
1000 1439 1074 1497 1606,
1093 1439 1119 1485 4.
1138 1462 1171 1473 -
1238 1437 1290 1486 Ad

62 1520 91 1568 p.
111 1505 152 1553 11.
170 1512 235 1552 not.
253 1503 272 1554 i.
307 1503 375 1565 Eus
385 1504 471 1554 ebiu
480 1523 525 1566 m,
544 1505 664 1572 quamvis
682 1503 702 1557 l.
722 1521 745 1555 c.
762 1500 895 1554 Christum
913 1520 982 1553 enno
999 1504 1115 1570 Augusti
1131 1507 1173 1554 42.
1194 1513 1288 1552 natum

65 1568 177 1632 diceret,
194 1581 284 1620 tamen
297 1569 370 1620 hand
386 1589 460 1623 secus
479 1584 558 1635 atque
575 1574 604 1621 in
617 1590 675 1624 can.
688 1571 779 1624 chron.
791 1588 817 1639 p.
829 1576 888 1622 261.
902 1569 946 1623 ed.
963 1570 1081 1621 Aucher.
1094 1588 1148 1621 non
1165 1569 1199 1621 de
1216 1588 1288 1623 anno

64 1641 135 1696 752..
153 1636 200 1687 sed
218 1636 252 1688 de
272 1656 295 1691 a.
312 1644 370 1691 753.
387 1640 420 1693 U.
438 1638 469 1692 C.
487 1641 615 1709 cogitasse
632 1639 737 1701 videri,
762 1657 849 1707 neque
865 1638 915 1689 hec
933 1640 1008 1689 inre
1026 1638 1288 1703 Hieronymum

66 1704 101 1754 ab
120 1721 152 1754 eo
169 1705 319 1785 dissentire,
338 1707 387 1757 Go
397 1725 432 1758 es
442 1707 482 1790 cb
492 1726 506 1759 e
515 1727 533 1758 n
542 1710 551 1757 i
559 1726 595 1758 us
613 1707 693 1759 docet
704 1707 754 1774 (th.
767 1706 845 1788 Stud.
856 1725 883 1757 u.
896 1707 966 1758 Krit.
974 1711 1056 1787 ,¹⁸3l’
1070 1708 1094 1772 4,
1106 1724 1133 1774 p.
1145 1711 1196 1756 722
1207 1711 1289 1788 sqq),

64 1773 188 1824 De-locrs
207 1785 297 1824 autem
314 1775 468 1827 Eusebrr
487 1776 531 1842 (H.
548 1777 581 1830 E.
599 1781 625 1844 t,
642 1779 698 1843 32.)
718 1786 745 1827 et
761 1777 981 1842 Hieronymi
999 1773 1048 1841 (ed
1065 1775 1114 1827 Ies.
1132 1793 1155 1827 o.
1172 1775 1221 1840 2.),
1239 1774 1288 1833 uhr

62 1839 149 1891 iidem
177 1841 256 1892 aliter·
281 1849 419 1908 statuunt,
449 1842 483 1897 cf.
510 1842 604 1894 idem
632 1843 651 1895 l.
677 1843 696 1895 l.
722 1861 749 1912 p.
766 1847 816 1893 724
828 1859 868 1909 sq.
897 1848 947 1894 727
959 1858 998 1911 sq.
1015 1870 1050 1881 —
1117 1843 1146 1890 A
1155 1844 1173 1892 d
1197 1862 1225 1911 p.
1244 1847 1299 1893 12.,

63 1920 136 1960 not.
158 1907 181 1961 l.
217 1911 264 1974 „ln
282 1912 315 1961 iis
331 1910 388 1961 Pal.
406 1911 577 1980 regionibus,
597 1911 643 1961 ubi
661 1913 751 1962 mitior
769 1921 809 1961 est
835 1909 904 1961 coeli
930 1912 1090 1979 temperies,
1118 1928 1218 1979 pecora
1243 1909 1289 1961 rel

64 1975 153 2026 hieme
171 1975 221 2027 sub
239 1976 285 2028 dio
302 1981 401 2030 versari
418 1983 514 2048 posse“
532 1998 546 2030 a
567 1982 680 2035 veritate
697 1979 815 2029 alienum
834 1990 888 2039 est3
907 1997 995 2046 neque
1013 1977 1064 2029 boc
1080 1977 1133 2029 sibi
1149 1978 1287 2030 vultSiis-

65 2042 176 2094 ltindius
192 2045 211 2097 1.
230 2046 284 2110 all.,
303 2049 404 2116 quippe
422 2049 469 2118 qui
487 2046 557 2097 illud
574 2047 660 2098 solum
680 2044 818 2108 concedat,
837 2045 890 2094 iam
904 2047 1002 2096 Martio
1020 2047 1130 2097 ineunte
1148 2063 1240 2114 greges
1256 2048 1288 2096 in

65 2117 344 2248 tzitttttttt:
360 2144 432 2250 ἶ...
450 2117 620 2252 >ih-poli?
646 2126 717 2234 iii]
736 2132 764 2234 t:
788 2111 1289 2251 pifniiiisffiuhiiirihii'.

66 2247 169 2296 Lucam
186 2265 215 2296 m
240 2265 281 2298 er.
300 2252 325 2313 3,
344 2252 369 2302 1.
396 2248 503 2301 verbis:
532 2249 563 2301 ἐν
584 2249 637 2302 ἔτει
662 2247 694 2302 δὲ
719 2242 949 2314 πεντεκαιδεκάτῳ
974 2249 1020 2314 τῆς
1043 2242 1123 2318 ἠγεμ.
1150 2253 1211 2315 Τιβ.
1234 2260 1286 2302 etc.
1307 2287 1310 2292 .

65 2313 184 2364 ultimum
205 2317 267 2364 Iesu
288 2332 386 2365 annum
407 2315 556 2382 iudicasse,
584 2317 890 2369 Sanclementius
924 2319 1004 2383 (teste
1029 2317 1147 2380 Idelero,
1176 2318 1196 2370 1.
1214 2337 1237 2367 c.
1256 2317 1288 2382 11,
1359 2316 1364 2329 ¹

64 2400 93 2450 p.
123 2387 194 2447 419„
229 2384 276 2450 qui
304 2383 380 2434 illum
416 2383 473 2436 fere
501 2385 636 2454 sequitur)
667 2396 693 2437 et
732 2385 930 2437 Theilius
963 2385 1013 2449 (n.
1040 2385 1104 2439 ltrit.
1134 2387 1225 2438 Journ.
1251 2385 1280 2437 V

63 2467 95 2516 p.
111 2455 212 2518 tossq.
229 2452 299 2518 not.)
325 2452 501 2522 suspicantur.
548 2453 590 2505 Ac
617 2451 799 2504 Theilius
826 2451 944 2520 quidem,
960 2463 1104 2521 postquem
1120 2452 1194 2533 inde,
1209 2421 1289 2521 ‘quod
1361 2494 1362 2499 ,

64 2518 152 2569 Lucas
170 2520 294 2570 ultimum
318 2519 506 2572 tantummodo
531 2523 590 2573 Iesu
617 2521 717 2590 pascha
743 2531 950 2585 commemoret,
977 2519 1049 2570 hunc
1072 2538 1181 2571 nonnrsr
1204 2539 1288 2571 unum

66 2588 126 2637 eius
143 2589 248 2636 muneri
265 2605 366 2639 aunum
383 2588 501 2640 tribuere
519 2588 659 2655 conclusit,
676 2591 714 2640 ita
731 2591 835 2658 pergit:
864 2590 915 2640 nisi
935 2588 1093 2656 evangelista
1110 2590 1169 2656 ipse
1186 2606 1287 2653 earum,

67 2671 136 2721 quas
154 2654 317 2720 tradidisset,
331 2659 564 2709 rerumrationem
580 2668 662 2726 etque
679 2676 779 2709 nexum
797 2674 892 2726 parum
908 2658 1076 2725 perspexisse
1092 2654 1229 2725 putandus
1243 2657 1288 2722 sit,

67 2740 167 2771 anuum
186 2721 310 2788 eundern,
329 2727 371 2775 cui
390 2731 415 2789 3,
433 2730 458 2777 1.
475 2727 592 2778 muneris
608 2725 743 2794 baptistae
759 2727 877 2794 auspicia
896 2727 1080 2792 assignentur,
1109 2741 1209 2773 annum
1227 2725 1288 2775 lesu

67 2789 178 2841 fatalem
201 2790 358 2841 habendum
383 2793 484 2858 rideri,
511 2812 566 2863 quo
591 2793 661 2843 illud
686 2791 813 2858 accedat,
840 2791 914 2860 quod
937 2806 965 2844 et
987 2791 1113 2843 facillime
1136 2792 1223 2841 Lucas
1252 2789 1288 2840 ad

65 2858 145 2908 huius
163 2862 227 2908 anni
244 2861 369 2910 notitiem
386 2864 524 2929 pervenire
540 2863 674 2931 potuerit,
703 2872 730 2912 et
754 2861 826 2912 hunc
843 2861 966 2929 inprimis
983 2857 1095 2911 definire
1111 2859 1185 2909 haud
1203 2858 1287 2910 dubie

66 2927 185 2977 maxime
204 2928 260 2977 eius
277 2927 439 2980 interfuerit.
481 2929 536 3002 §ed
554 2940 584 2980 ut
602 2928 635 2979 ab
653 2930 703 2994 iis,
732 2947 801 2998 quae
818 2928 914 2979 ultimo
931 2928 992 2980 loco
1010 2926 1174 2993 dictasunt,
1204 2944 1286 2978 exor-

65 2993 191 3046 diamur:
208 3011 262 3045 nou
281 3005 336 3045 tam
353 2994 425 3047 illud
440 2996 517 3049 nobis
534 2996 731 3066 respiciendum
750 2997 886 3065 est‚'quid
902 2996 999 3057 fuerit,
1018 2994 1092 3065 quod
1108 3014 1174 3066 prae
1191 2995 1286 3048 ceteris

65 3063 135 3113 scire
152 3060 237 3113 Lucas
254 3062 298 3114 rel
312 3065 441 3130 potuerit,
467 3065 510 3117 rel
530 3065 639 3116 voluerit
660 3066 761 3133 (neque
786 3066 858 3132 enim
874 3065 924 3116 hcc
942 3066 993 3115 nisi
1012 3066 1164 3116 coniectura
1180 3063 1287 3131 assequi

64 3127 163 3196 licet),
186 3129 235 3182 sed
252 3132 317 3198 quid
339 3150 367 3181 ee
389 3132 495 3183 sciuisse
517 3135 610 3183 diserte
631 3135 738 3184 indicet.
784 3133 891 3184 Deinde
908 3133 932 3184 si
950 3144 1042 3184 auctor
1059 3131 1128 3182 clare
1150 3132 1287 3198 cognitum

64 3198 177 3256 habuit.
204 3210 334 3266 quantum
349 3218 377 3254 ,a
401 3217 459 3272 cap.
482 3200 547 3253 inde
573 3202 616 3254 111.
641 3218 723 3268 nsque
749 3200 785 3251 ad
808 3198 891 3253 finani
918 3198 1225 3269 evangelihcomplexus
1252 3200 1287 3247 sit

65 3265 255 3333 intervalinm:
273 3286 354 3317 unum
377 3281 442 3318 certe
461 3272 557 3318 annum
579 3288 636 3319 cum
660 3270 787 3319 mensibus
808 3269 923 3336 pluribus
945 3287 974 3319 se
999 3256 1170 3349 debripsisse
1191 3267 1286 3329 norit,

64 3352 128 3384 nem
141 3334 277 3398 loannem,
295 3338 451 3405 priusquam
463 3337 534 3388 Iesus
552 3336 586 3386 ad
603 3356 665 3389 eum
682 3336 832 3400 accederet,
850 3335 962 3404 aliquod
978 3346 1106 3404 temporrs
1122 3335 1239 3403 spatium
1256 3333 1287 3382 in

65 3400 221 3453 hominibus
250 3402 420 3472 baptizandis
448 3406 621 3456 consumsisse
644 3416 734 3455 narrat
763 3405 811 3472 (3,
827 3406 969 3469 2-22.),
997 3401 1060 3453 bino
1078 3401 1217 3452 dominum
1235 3419 1286 3469 per

66 3469 126 3520 diss
142 3473 177 3521 40
198 3471 227 3520 in
251 3473 368 3539 regione
385 3471 488 3524 deserta
505 3472 587 3524 fuisse
603 3471 686 3526 refert
704 3473 743 3539 (4,
761 3474 817 3536 2.),
844 3469 952 3532 deinde,
980 3487 1041 3519 eum
1065 3471 1104 3519 ite
1119 3471 1148 3519 in
1164 3468 1286 3521 Galilaea

68 3536 209 3604 docuisse,
227 3537 319 3603 addit,
338 3550 368 3589 ut
386 3541 443 3591 eius
463 3538 534 3590 fama
561 3557 612 3608 per
634 3551 720 3591 totam
745 3538 814 3589 hanc
831 3549 930 3589 terram
948 3533 1146 3589 diffunderetur
1163 3537 1200 3616 (4,
1221 3538 1287 3603 14.),

67 3616 139 3674 post,
156 3607 236 3656 variis
252 3607 309 3656 eius
325 3608 466 3658 itineribus
483 3607 647 3670 memoratis,
666 3607 784 3657 adfuisse
800 3616 893 3657 monet
909 3599 1048 3671 σάββατον
1065 3603 1287 3675 δευτεροπρωτον

69 3674 182 3740 (6,1.),
202 3673 274 3739 quod
292 3675 363 3725 circa
380 3675 513 3744 paschatis
531 3686 636 3744 tempus
654 3673 839 3743 agebatur*(r.
858 3692 885 3743 p.
899 3678 943 3725 25.
961 3682 1020 3725 not.
1030 3673 1089 3733 r.);
1118 3690 1131 3722 a
1151 3691 1203 3742 que
1221 3672 1285 3739 qui-

68 3738 131 3790 dem
143 3751 228 3791 aetate
246 3739 280 3790 ad
298 3742 423 3793 ultimum
441 3760 527 3810 usque
540 3739 638 3794 Christi
655 3742 752 3811 pascha
769 3759 853 3790 unum
870 3752 941 3793 certe
958 3759 1058 3791 annum
1075 3737 1219 3803 effluxisse,
1237 3757 1287 3809 per

67 3824 97 3858 ss
133 3819 197 3860 etet.
222 3809 315 3872 ltaque
331 3812 353 3862 si
372 3811 533 3877 evangelista
544 3812 631 3861 lesum
649 3826 720 3860 anno
733 3808 838 3859 Tiberii
849 3809 914 3863 XV.
937 3819 1073 3860 mortuum
1098 3825 1153 3860 esse
1175 3806 1286 3870 sciebat,

66 3824 144 3927 nulio
164 3877 247 3929 modo
273 3880 300 3927 in
325 3886 381 3929 em
405 3889 510 3949 poteret
527 3879 682 3946 opinionem
700 3875 808 3941 induci,
838 3886 869 3925 ut
891 3893 961 3927 auno
983 3876 1076 3930 eodem
1094 3877 1239 3946 baptistam
1256 3877 1286 3924 in

68 3943 210 4014 publicum
225 3962 395 4016 progressum
412 3964 468 3997 esse
484 3945 667 3998 arbitraretur.
685 3973 719 3984 -
752 3943 915 3994 Senclem
926 3947 1044 3995 entius
1066 3944 1169 3994 Lucam
1186 3943 1251 3994 inde
1269 3960 1284 3990 e

68 4030 129 4080 cap.
145 4012 188 4063 111.
211 4016 317 4064 nonnisi
344 4032 374 4064 ee
398 4031 516 4065 narrasse
534 4013 673 4076 observat,
698 4029 767 4078 quae
785 4011 857 4062 lesus
882 4029 952 4063 anno
977 4014 1048 4062 ritae
1072 4011 1181 4074 ultimo,
1204 4021 1286 4078 atque
1322 4065 1328 4083 .
1374 4024 1376 4028 ·

55 4096 103 4130 *ar
122 4095 153 4130 eo
171 4079 279 4148 quidem
297 4091 418 4149 tempore
443 4085 576 4148 gessisset,
602 4079 794 4149 quo‘beptista
817 4081 845 4129 in
869 4079 976 4131 vincula
1004 4078 1081 4128 datus
1105 4090 1131 4129 et
1152 4079 1286 4149 supplicio

68 4142 181 4198 affectus
203 4157 285 4210 esset,
313 4151 406 4216 paucis
424 4151 574 4198 summatim
593 4147 763 4215 praemissis,
792 4163 861 4215 quae
878 4145 912 4195 ad
930 4148 1034 4198 Ioannis
1051 4163 1107 4212 res,
1135 4151 1226 4214 quales
1251 4144 1286 4194 ab

67 4213 149 4265 initio
168 4217 283 4266 muneris
301 4215 336 4265 ad
353 4226 467 4266 mortem
483 4233 567 4283 usque
584 4213 706 4277 fuissent,
723 4217 903 4284 pertinerent3
921 4214 1014 4281 itaque
1030 4218 1135 4275 quasti,
1149 4219 1172 4265 1.
1189 4213 1287 4278 legan-

68 4293 124 4346 tur,
142 4281 177 4333 ad
195 4294 298 4352 tempus
317 4282 385 4332 illud
401 4293 519 4350 spectare
538 4292 625 4350 putat,
643 4299 696 4346 quo
714 4281 829 4351 baptiste
847 4282 990 4332 decesserit.
1025 4277 1109 4350 Quam
1128 4282 1286 4332 sententiam
1382 4332 1384 4337 ,

67 4360 100 4400 ut
110 4360 226 4410 tueatur,
236 4361 336 4420 puncto
348 4362 410 4419 post
421 4349 502 4401 rerba
512 4351 784 4420 ΤιβερίουΚαίσαρος
794 4351 893 4418 posito,
904 4367 942 4414 ea,
954 4351 1158 4418 quae'proxime
1169 4365 1287 4415 sequun-

32 4456 38 4471 .
67 4428 128 4480 tur,
148 4417 182 4468 ab
199 4419 240 4468 his
258 4417 394 4486 disiungit.
417 4416 492 4488 Quae
529 4435 590 4466 uam
608 4419 662 4467 sint
679 4428 705 4466 et
723 4414 791 4466 falsa
810 4427 838 4467 et
854 4427 991 4482 contorta,
1007 4428 1102 4485 sponte
1119 4416 1285 4484 intelligitur.

69 4484 193 4552 Accedit,
211 4487 283 4552 qhod
301 4504 324 4538 e.
340 4492 382 4539 29.
397 4437 534 4538 nechi'l.
554 4503 603 4536 nec
614 4485 676 4538 XV.
694 4484 790 4535 Nisani
808 4483 866 4536 dies
884 4503 944 4536 cum
954 4482 1068 4537 Veneris
1086 4483 1131 4536 die
1150 4484 1283 4536 convenit.

68 4553 184 4605 Nisanus
202 4555 285 4621 enim,
311 4571 391 4621 quum
409 4553 443 4604 ab
461 4571 493 4604 eo
520 4554 672 4618 novilunio,
702 4551 776 4619 quod
793 4552 884 4603 Martii
909 4551 953 4603 die
969 4557 994 4605 4.
1026 4553 1188 4619 contigerat,
1211 4568 1284 4621 pen-

68 4620 206 4674 dere'non
215 4633 326 4740 posset,
342 4622 511 4673 neomeniam
527 4632 632 4674 secutus
653 4631 693 4671 est
716 4619 806 4684 illem,
832 4635 898 4686 quae
909 4621 977 4690 Apr.
995 4619 1041 4672 die
1051 4625 1075 4672 2.
1086 4621 1112 4672 1).
1124 4625 1147 4672 t.
1165 4620 1229 4672 min.
1240 4621 1284 4669 42.

244 4701 273 4757 t3
290 4691 382 4759 itaque
393 4688 532 4742 Kalendae
551 4691 621 4742 inter
632 4691 656 4742 4.
672 4698 699 4740 et
709 4690 739 4747 0)
750 4686 853 4756 Aprilis
871 4687 943 4741 diem
960 4700 1037 4740 actae
1050 4701 1121 4754 sunt,
1138 4687 1195 4740 dies
1207 4685 1286 4738 XIV.

1052 4756 1081 4818 N

67 4704 141 4758 resp.
157 4691 214 4742 ecci

1406 4479 1410 4486 =

1438 4702 1441 4710 ι

1421 4779 1448 4801 -.

1438 4816 1445 4823 ι

1375 4862 1380 4869 x
1432 4860 1437 4869 ι

1424 4900 1429 4907 ι

1422 4914 1453 4937 ἡ,

1371 4994 1377 5003 ι
