2956 5168
135 221 178 281 ‘22
306 218 393 282 etr.
415 220 466 282 lll.
506 220 562 283 BR
582 218 845 281 milti
865 218 1195 298 mm

222 392 423 473 tuq-ulau
453 390 686 471 quate-m.
721 408 797 470 que
830 390 1296 473 Mum,
1329 405 1360 459 ι

135 475 1362 557 Pmnminerrffipna.tequ÷³nta.2c.eztmtafloa

136 566 215 625 uaria
243 565 412 643 aeuaepsee
438 560 576 623 arderet
604 564 724 621 itinera.
754 580 880 639 qm
905 563 1019 623 ullu
1040 566 1070 623 ἰι
1092 564 1178 625 Ars}
1199 568 1360 647 cmigim

134 651 312 729 reperiatur.
360 646 422 707 lena
450 666 520 707 vero
550 662 710 728 postquam
736 646 935 709 matum
970 648 1073 727 quidni
1097 649 1169 709 luit
1191 654 1360 715 aenne

135 746 268 795 uastum
305 732 523 803 adscribumue,
563 732 602 792 ad
633 730 820 792 utrem&
850 752 886 791 ea
917 751 1090 811 argument
1121 736 1360 814 prngreffianr,

135 820 242 899 quinus
269 818 348 879 iden
376 817 538 899 perduct!
564 817 669 877 aliter.
706 836 793 895 qm
820 816 909 897 vulgo
940 818 993 879 fir.
1027 818 1067 879 dc
1096 820 1213 881 nti-e
1241 821 1362 883 itinuia

134 902 387 975 Aeanti-8.
409 904 496 963 relati
518 904 629 961 statuit
672 900 1070 963 hut-ammte
1093 904 1363 986 hulunflpboa

134 990 164 1049 in
193 988 399 1050 blaccdouiam
429 986 598 1069 proteum
632 986 760 1065 ampliu
795 986 915 1047 biennio
949 990 991 1048 ibi
1025 1002 1195 1062 rernm,
1241 1010 1272 1051 a.
1309 990 1362 1051 att

132 1085 249 1136 aetate
276 1072 454 1133 Corinthum
481 1074 613 1133 venisse.
642 1072 712 1131 inde
740 1090 891 1133 merum
920 1073 1045 1133 Misenis
1072 1094 1129 1155 per
1149 1088 1215 1135 tres
1235 1093 1363 1137 nemea

134 1171 347 1219 vsmmcratum
374 1178 460 1230 erae,
491 1176 528 1218 ae
548 1156 692 1237 parcitate
712 1156 832 1217 dearum
853 1176 882 1217 a.
901 1156 952 1217 Θ.
974 1156 1122 1239 l’uilippis
1142 1158 1362 1239 Hierosoly-

132 1246 289 1323 oarigacee
311 1255 426 1303 street.

217 1376 348 1439 Primum
369 1378 476 1457 igitar.
498 1386 681 1438 cretum.
703 1396 801 1457 neque
815 1378 895 1438 eirca
909 1385 1121 1457 pemmonem
1142 1376 1312 1460 Ephesum
1325 1378 1364 1441 rt

134 1465 274 1545 upoetolo
295 1462 435 1522 relirtmn
463 1484 545 1539 esee,
582 1462 651 1523 idec
678 1462 864 1542 potissimum
892 1462 1007 1536 netu,
1049 1444 1130 1541 quod
1158 1462 1230 1538 tlte,
1270 1484 1362 1545 quum

131 1568 286 1627 magutsu.
308 1547 346 1608 de
368 1566 428 1628 quo
449 1548 536 1609 mua
558 1548 768 1609 diruerulmus.
788 1550 849 1607 iter
861 1546 1085 1627 ingrederetur.
1107 1561 1230 1627 praeter
1242 1568 1361 1629 paucos

130 1633 195 1694 dies
223 1634 306 1696 (Act.
327 1632 380 1709 18,
399 1634 484 1694 19-
500 1633 567 1715 21.)
594 1633 744 1693 biennium
774 1652 841 1693 mm
862 1632 958 1693 tribus
979 1632 1131 1693 mensibus
1160 1633 1237 1713 bct.
1252 1634 1358 1708 128.

132 1720 197 1799 lu.)
218 1718 276 1779 bac
297 1720 329 1779 in
349 1717 425 1779 orbe
446 1720 595 1799 degisset.
618 1738 714 1797 eaque
734 1717 774 1777 de
795 1736 897 1777 unsa.
920 1717 978 1777 nisi
998 1716 1094 1777 redux
1114 1736 1171 1797 per
1192 1736 1250 1779 sex
1273 1726 1359 1781 certa

129 1821 248 1865 meuses
277 1804 387 1866 ibidem
419 1803 583 1865 haesisset.
615 1802 766 1881 Ephesios
795 1821 852 1881 per
871 1802 1033 1863 triennium
1055 1802 1137 1863 titt.
1152 1799 1295 1885 2281.)
1315 1804 1358 1865 ΙΙ-

130 1888 263 1951 rutuuse
285 1889 346 1950 dici
366 1906 424 1949 nou
447 1892 604 1969 potuisset.
646 1886 708 1947 lam
729 1905 801 1947 tero
822 1887 961 1966 quoniam
975 1886 1099 1947 Paulum
1117 1886 1273 1967 eliquanto
1288 1895 1358 1951 rute

127 1981 322 2053 pent‘ecoaten
351 1974 452 2033 linter
474 1972 584 2053 pascha
606 1978 638 2031 et
658 1981 876 2050 pentecosten)
898 1970 1052 2049 Ephesum
1074 1971 1203 2033 rediisse
1225 1972 1356 2035 arbitra-

127 2069 190 2128 tur,
212 2078 280 2119 eum
302 2058 383 2117 circa
403 2067 593 2116 auctumnum
615 2056 793 2115 discessisse
815 2054 965 2115 concludit
984 2054 1031 2138 (p.
1048 2052 1269 2139 lec-1³1.)
1318 2058 1356 2119 dt

126 2141 208 2201 saria
227 2143 259 2204 in
279 2140 339 2202 bac
359 2141 614 2221 argumentatione
636 2148 799 2219 ponuntur.
828 2159 907 2219 quae
932 2140 1058 2203 concedi
1088 2151 1259 2221 nequeunt:
1289 2144 1355 2223 pri

126 2244 228 2299 mna,
258 2224 369 2287 bucam
389 2226 456 2287 ,tec
473 2226 523 2301 ltt,
540 2224 664 2285 1-20.
688 2244 724 2285 ec
743 2223 877 2299 referre,
906 2244 982 2305 quae
1003 2226 1081 2287 iutra
1102 2245 1224 2287 menaea
1238 2224 1355 2291 xxm

126 2330 174 2372 tr.
194 2311 227 2373 8.
249 2318 282 2373 et
305 2312 356 2371 1⁰.
385 2320 631 2372 comma-oratos
656 2317 744 2391 gesta
769 2310 849 2383 sint,
880 2329 897 2370 a
924 2329 952 2370 u.
972 2309 1044 2371 inde
1064 2311 1117 2371 21.
1140 2312 1179 2372 de
1201 2312 1240 2373 iia
1260 2312 1354 2393 loqui,

126 2414 205 2474 quse
247 2414 293 2478 ap.
336 2396 386 2456 bis
427 2396 639 2475 praeterlapsis
681 2395 797 2474 egerin
845 2395 926 2473 quod
968 2414 1056 2475 quam
1097 2414 1203 2475 porum
1244 2398 1354 2477 proba-

126 2480 189 2543 bile
215 2482 273 2558 ult,
309 2501 339 2561 p.
359 2476 404 2542 59
418 2500 463 2561 sq.
484 2482 633 2554 vidimus3
669 2478 794 2555 deinde,
829 2498 883 2539 seu
903 2478 971 2541 illos
991 2500 1129 2553 menses,
1164 2500 1242 2561 quos
1264 2482 1353 2543 Sclsr.

126 2565 250 2628 biennio
269 2565 425 2647 tribusque
444 2566 596 2627 morsibus
618 2564 770 2627 addendos
792 2564 888 2637 ducit,
922 2566 1122 2627 numerandos
1142 2584 1215 2626 eoae
1236 2586 1256 2627 a
1275 2576 1352 2629 teun-

126 2669 201 2729 porc
219 2659 417 2733 pentecosten
439 2651 621 2729 aliquantum
641 2662 832 2731 congresso,
864 2668 942 2729 quae
961 2651 1111 2711 sententia
1133 2669 1226 2729 quum
1249 2670 1289 2713 eo
1307 2652 1352 2714 ul·

125 2744 222 2811 rator,
249 2736 330 2815 quod
351 2734 388 2797 V.
416 2736 451 2796 l).
480 2736 607 2796 Paulum
628 2736 708 2796 circa
733 2742 852 2815 tempus
883 2734 952 2795 sea
980 2734 1103 2808 1221.
1128 2734 1296 2799 indicatum
1316 2755 1352 2799 et

125 2838 232 2899 magen
258 2820 311 2882 illo
340 2822 464 2895 itlnere,
499 2820 579 2900 quod
606 2819 719 2881 Lucam
744 2818 915 2901 neglexisse
943 2820 1094 2899 opinatur,
1133 2819 1173 2879 ad
1197 2819 1351 2901 Ephesios

125 2923 278 2966 recemum
300 2913 402 2985 putat,
433 2904 549 2967 sublato
570 2906 629 2966 hoc
649 2906 843 2967 fundamento
864 2903 910 2977 id,
932 2905 1011 2983 quod
1032 2912 1080 2967 est
1100 2914 1350 2985 superstructum

125 3008 269 3051 corruere
289 3007 415 3053 necesse
437 2998 493 3052 est.
522 2989 664 3051 Ceterum
687 2990 794 3069 quibus
814 2988 977 3051 rationibus
998 2988 1082 3050 ducti
1102 3008 1150 3071 ap.
1171 2998 1350 3071 pentecccte

123 3072 241 3153 potius,
271 3093 360 3155 quam
384 3074 442 3137 clia
468 3080 568 3137 aetate
595 3074 719 3157 Epheso
739 3074 850 3137 abiisse
871 3074 1093 3151 existimemus,
1121 3094 1153 3156 p.
1173 3072 1226 3137 b't.
1250 3076 1350 3141 decla·

123 3158 264 3221 rotimus.

209 3278 373 3357 Sequitur,
405 3284 439 3339 ut
465 3276 505 3339 de
524 3278 560 3340 iis
582 3276 733 3352 dicamne,
765 3296 843 3357 quae
863 3274 1034 3339 Schradero
1054 3284 1286 3357 peremerunt,
1316 3286 1349 3341 ut

123 3362 224 3425 itineri
237 3364 268 3424 in
283 3364 441 3427 Graeciam
462 3363 544 3425 lacto
563 3363 719 3434 maiorem,
741 3381 829 3441 quam
849 3364 902 3443 qui
915 3362 1004 3443 vulgo
1016 3362 1173 3437 tribuitur,
1200 3362 1349 3427 umbem

125 3448 299 3527 asslgnaret
347 3448 481 3509 Primum
507 3454 607 3509 autem
628 3452 834 3529 argumentum
863 3446 878 3525 (
888 3467 919 3529 p
940 3446 1004 3507 152
1017 3444 1085 3527 sq.)
1104 3447 1136 3508 in
1156 3446 1349 3511 multitudine

124 3532 272 3593 sociorum
294 3535 426 3613 quaerit,
455 3534 507 3611 qui
527 3532 667 3605 Paulum,
693 3550 784 3612 quum
805 3530 952 3612 Philippis
972 3533 1231 3611 proficisceretur,
1255 3536 1348 3597 comi·

122 3614 178 3676 nu
199 3614 335 3680 dicantur
356 3614 439 3700 (Act,
453 3614 585 3702 2111),
615 3618 696 3679 unde
717 3616 861 3696 colligere
879 3617 986 3691 liceat,
1007 3616 1110 3697 plures
1131 3617 1222 3679 etiam
1242 3620 1276 3681 el
1296 3618 1349 3681 cd-

122 3699 234 3775 t'ulssc,
256 3722 346 3781 quum
360 3722 416 3781 per
429 3702 550 3764 Maced.
564 3710 596 3763 et
610 3703 717 3763 Graec.
732 3704 884 3783 migraret.
928 3702 1011 3763 Fieri
1030 3703 1121 3782 igitm
1141 3702 1190 3764 rix
1209 3706 1349 3783 potuisse

122 3792 238 3859 mouet,
261 3788 331 3865 quin
352 3788 403 3863 tt,
424 3790 473 3849 cul
493 3796 554 3847 tam
575 3788 658 3849 felici
679 3806 748 3848 esse
768 3786 939 3867 contigerit,
959 3794 994 3849 ut
1006 3794 1090 3849 tanta
1102 3788 1243 3848 comitum
1258 3788 1348 3851 turta

13 3903 16 3910 -
122 3870 301 3949 stiparetur,
331 3871 389 3933 lrao
416 3872 639 3953 opportunitate
665 3890 753 3944 usus,
785 3872 950 3933 doctrinam
976 3870 1137 3933 salutarem
1155 3870 1247 3953 longe
1267 3873 1350 3937 ultro

122 3955 265 4016 terminos
280 3974 351 4031 eos,
382 3956 461 4017 intra
480 3974 555 4035 quos
575 3954 730 4035 hucusque
751 3975 786 4016 se
806 3957 1005 4031 continuerit,
1025 3956 1215 4037 dispergeret
1232 3952 1348 4039 (eoque

122 4039 189 4118 ipro
210 4038 322 4101 diutius
350 4039 382 4102 in
408 4040 518 4101 itinere
546 4038 598 4099 illo
624 4036 819 4122 t'crsaretur).
861 4039 902 4101 st
928 4046 1138 4122 praeterquam
1158 4042 1238 4123 quod
1259 4048 1347 4105 certo

121 4122 259 4187 concludi
279 4126 400 4207 nequit,
418 4124 523 4205 plnres
535 4124 669 4203 apostolo
682 4126 713 4185 iu
727 4124 907 4186 Macedonio
920 4130 953 4187 et
962 4126 1092 4189 Graecia
1104 4126 1222 4189 sodales
1235 4124 1346 4201 futare,

122 4228 209 4289 «quam
239 4212 290 4289 qui
318 4230 388 4273 eum
415 4210 447 4273 ln
468 4209 569 4270 Arium
591 4210 722 4271 comitali
743 4208 872 4285 luerint,
903 4217 936 4273 et
955 4210 1036 4292 quod
1057 4230 1096 4273 ex
1116 4214 1174 4273 ista
1193 4210 1346 4275 sociorum

121 4293 308 4357 multitudiue
336 4316 396 4359 non
424 4295 577 4377 sequitur,
608 4293 731 4356 Paulum
751 4301 815 4355 tum
835 4297 978 4376 temporis
999 4296 1187 4377 evangelium
1206 4295 1346 4371 ulterius,

123 4398 210 4459 quarn
231 4386 336 4457 solco,
356 4380 478 4443 tulisse:
499 4398 559 4441 uon
580 4379 646 4441 sine
665 4380 875 4460 probabilitate
896 4382 1042 4461 suspicari
1060 4382 1150 4456 licat,
1178 4381 1247 4444 illos
1269 4376 1345 4463 (etat

122 4482 180 4523 uon
209 4481 330 4539 omues,
359 4473 390 4529 at
409 4466 552 4547 plurimos
574 4461 678 4547 certe)
707 4483 746 4525 ne
774 4464 901 4526 docendi
923 4467 1044 4547 quidem
1064 4484 1153 4528 cuusa
1174 4466 1345 4545 apostolum

122 4550 277 4609 comitetur
306 4568 390 4626 csse,
425 4550 480 4611 sed
502 4555 534 4611 ut
559 4554 708 4628 tamquam
736 4550 932 4629 singularum,
955 4553 1062 4631 quibua
1083 4549 1226 4630 adscripti
1247 4555 1344 4624 erant,

122 4633 315 4695 ecclesiarum
328 4632 420 4717 legati
429 4654 550 4698 ιιιιιιιιιιι
558 4634 650 4696 abhis
663 4635 695 4695 io
709 4653 795 4696 usum
808 4653 975 4716 pauperum
987 4636 1172 4699 Iudaicorum
1183 4634 1344 4698 collectum
