2978 5168
281 123 523 235 'quotenus
543 119 586 184 IN
607 119 779 185 COELUM
798 120 1094 203 nuscnnoutttr.
1287 127 1310 185 ll

88 297 137 358 vel
157 295 247 358 trium
266 294 413 371 meusium
433 292 589 355 intervallo
610 297 676 354 acto
697 311 766 354 esse
787 290 1011 369 existinsverit,
1031 313 1091 354 non
1110 292 1180 369 ille,
1207 294 1309 371 oredo,

90 380 215 451 multum
238 401 256 459 a
276 398 350 441 vero
369 379 571 452 aberraverit,
600 379 788 458 praesertim,
802 397 891 458 quum
912 378 1086 459 legatiiter
1102 377 1226 441 Romam
1247 401 1310 441 ma-

91 462 379 541 turassesdioantur.
444 463 505 523 Iam
532 482 604 523 vero
631 459 774 524 Herodes
802 482 864 522 non
891 462 938 523 ito
963 464 1063 524 multo
1090 472 1165 525 ante
1180 464 1311 545 poscito,

89 550 169 630 quod
189 546 302 610 fe'stum
323 549 434 611 Martio
456 553 586 608 exeunte
606 546 655 607 vel
676 546 773 626 Aprili
792 566 895 608 mense
917 547 1063 611 celebrari
1085 548 1209 624 solebat,
1230 549 1311 611 dimo

68 640 265 716 'supremum
287 630 369 694 obiit.
431 632 507 692 Nam
528 651 619 712 quum
640 631 805 692 Archelaus
831 640 1037 713 post-septem
1061 634 1176 693 dierum
1197 633 1311 697 luctum

90 727 122 780 et
143 719 308 781 convivium
328 717 441 799 populo
463 718 627 777 exhibitum
648 718 679 776 in
700 736 738 778 eo
759 724 860 791 esset,
881 722 915 779 ut
936 717 1060 778 Romam
1082 718 1119 778 ad
1141 717 1310 799 Augustum

88 812 282 886 properaret,
303 803 434 863 nonnulli
457 802 605 863 Matthiae
627 801 752 879 eiusque
773 802 920 862 sociorum
942 802 1028 863 amIci
1049 803 1206 864 tumultum
1228 805 1309 880 exci-

88 897 205 963 tarunt,
230 908 318 967 quem
345 891 379 948 ut'
406 891 612 967 compesceret
633 885 818 960 Archelaus,
840 886 950 947 milites
979 887 1144 967 delegavit,
1174 889 1224 967 qui
1246 890 1311 970 r'psso

89 990 265 1054 myssarum
289 974 379 1051 festo
400 972 520 1032 circiter
540 970 598 1031 trio
618 970 770 1031 hominum
791 969 1087 1059 willico-eciderunt.
1137 973 1233 1034 Sicuti
1254 974 1311 1053 igi-

87 1064 140 1121 tor
159 1077 242 1118 mors
264 1057 418 1131 Herodis,
453 1058 496 1118 ita
524 1062 556 1116 ot
577 1055 673 1116 lucos
693 1055 814 1136 relapsis
835 1050 926 1116 dreni
939 1063 1013 1116 onte
1030 1054 1148 1137 poscito
1169 1058 1310 1138 corstigit.

90 1142 152 1204 Iam
173 1142 311 1223 quoniam
340 1160 398 1222 per
417 1146 511 1202 totum
531 1139 624 1215 iliud,
656 1141 695 1201 de
728 1160 785 1220 quo
812 1141 987 1220 ambigitur,
1015 1141 1173 1202 'biennium
1194 1143 1311 1209 nonnisi

90 1228 186 1288 semel
206 1227 275 1287 lune
297 1227 426 1301 defecit,
453 1245 492 1287 eo
511 1224 651 1286 videlicet
671 1230 779 1300 nocte,
801 1244 881 1306 qnae
902 1233 973 1285 erat
993 1225 1077 1286 inter
1098 1225 1178 1287 diem
1200 1226 1313 1295 Martii

90 1308 163 1372 XII
178 1319 212 1372 et
233 1309 324 1371 XIII
345 1312 422 1370 unni
453 1308 489 1370 U.
521 1309 552 1370 C.
574 1308 638 1370 too
655 1304 700 1392 v),
737 1309 819 1371 bunc
846 1328 961 1370 annom
996 1307 1132 1371 Herodis
1165 1311 1310 1372 ultimum

87 1397 206 1472 fossae,
229 1397 294 1475 quis
320 1402 367 1458 est
394 1397 464 1474 quin
493 1392 615 1455 videnti
637 1394 723 1471 Quod
746 1413 836 1474 quum
857 1396 1055 1456 certissimum
1076 1396 1138 1470 sit,
1160 1404 1310 1476 superest,
1400 1452 1405 1462 .

89 1487 123 1542 ut
144 1481 327 1560 explicetur,
356 1481 427 1559 quid
448 1480 505 1554 sit,
546 1480 626 1558 quod
653 1479 798 1558 Iosephus
827 1480 891 1539 eina
913 1498 1006 1559 reguo
1028 1499 1120 1541 annos
1141 1481 1184 1541 st
1206 1488 1237 1544 et
1256 1482 1310 1557 ts,

88 1584 148 1626 non
169 1566 212 1626 :to
231 1572 264 1627 et
283 1565 326 1626 db
347 1565 495 1625 tribuerit.
537 1562 582 1624 Ac
603 1563 723 1643 plurimi
744 1563 876 1643 quidem,
898 1583 966 1623 eum
987 1563 1163 1625 ludaeorum
1184 1585 1310 1629 consuc-

88 1652 222 1711 tudinem
250 1657 384 1711 secutum
413 1668 501 1723 esse,
537 1655 657 1729 putant,
679 1669 738 1728 qua
757 1668 863 1728 regum
883 1647 1114 1710 lsraetiticorum
1136 1657 1271 1730 tempora
1290 1671 1310 1712 s
1416 1715 1421 1722 ,

88 1734 203 1795 Nisano
224 1734 265 1795 ito
287 1736 347 1795 sint
367 1741 536 1807 numerata,
564 1740 615 1808 ut,
643 1733 670 1793 si
697 1733 763 1811 quia
795 1731 843 1793 vel
865 1752 955 1792 unttm
977 1734 1055 1793 diem
1077 1739 1149 1795 ante
1170 1733 1218 1794 vel
1238 1741 1310 1816 post

36 1854 40 1864 ι
88 1819 178 1891 huius
199 1818 312 1880 mensis
333 1819 481 1879 Kalendas
511 1823 677 1898 regnasset,
707 1836 783 1878 uuus
811 1817 864 1878 ille
893 1818 958 1878 dies
985 1819 1080 1879 instar
1100 1822 1168 1879 anni
1198 1819 1309 1899 integri

88 1903 208 1964 habitus
229 1905 270 1964 sit
284 1899 341 1989 x);
372 1905 437 1964 dies
458 1903 548 1982 igitur
568 1901 636 1963 illos
657 1903 873 1983 paucissimos,
896 1920 969 1981 quos
991 1901 1143 1963 Herodem
1166 1911 1235 1984 post
1255 1905 1309 1965 Ni-

26 2060 31 2071 ,
87 1989 152 2049 sani
180 1989 313 2061 initium,
343 1989 425 2049 cuius
454 1988 503 2049 die
524 1984 594 2048 XIV
614 1987 725 2067 puscbo
752 1988 911 2067 agebatur,
939 1987 1049 2049 vixisse
1075 1988 1229 2066 probabile
1251 1995 1308 2064 est,

87 2091 144 2153 pro
165 2092 243 2133 anno
264 2073 417 2133 tricesimo
445 2073 574 2151 septimo
605 2070 654 2131 vel
683 2077 787 2152 quarto
815 2073 1031 2151 computruisse
1047 2068 1109 2153 y),
1160 2073 1206 2134 Ac
1237 2073 1308 2135 licet

87 2158 254 2219 concedere
286 2163 438 2239 oporteat,
469 2156 628 2238 losephum
656 2157 812 2235 aliquando
831 2155 879 2217 vel
899 2156 1090 2227 unumdiem
1111 2164 1180 2238 post
1200 2176 1309 2219 annum

86 2241 208 2322 plenum
229 2261 285 2321 pro
307 2261 382 2303 antro
404 2243 520 2321 integro
541 2260 660 2302 sumere
677 2237 718 2323 ι),
745 2240 839 2316 illud,
861 2240 940 2320 quod
962 2240 1065 2303 dicum
1087 2241 1126 2303 de
1148 2249 1309 2304 consuetu-

87 2327 175 2402 dine,
213 2346 271 2407 qua
302 2346 406 2406 regum
442 2329 510 2387 anni
538 2325 688 2386 aleano
718 2326 829 2406 incepti
866 2327 945 2399 sint,
992 2326 1041 2386 virt
1074 2326 1135 2387 huc
1166 2328 1307 2407 pertinet.

86 2410 163 2472 Nam
194 2418 403 2492 praeterquam
430 2411 508 2491 qnod
536 2411 668 2484 rabbini,
699 2410 786 2471 buius
814 2410 905 2470 moris
932 2417 1046 2484 testes,
1079 2430 1139 2472 uon
1170 2413 1308 2473 videntur

88 2498 180 2556 verba
201 2497 312 2557 fecisse
334 2497 391 2557 nisi
412 2492 451 2555 de
472 2496 654 2570 curatione,
676 2514 733 2575 qua
753 2496 783 2555 in
806 2496 963 2579 scripturo
984 2515 1075 2556 socru
1094 2516 1198 2576 regum
1211 2496 1308 2558 lsraii-

63 2581 236 2643 „liticorum
264 2589 400 2661 tempora
430 2581 578 2641 numerari
608 2581 766 2661 opinantur
783 2575 833 2664 a):
877 2579 1040 2661 Iosepbcm
1068 2580 1105 2643 ab
1127 2601 1164 2643 eo
1186 2601 1308 2662 compu-

87 2766 292 2779 m

69 2915 74 2925 .
155 2882 247 2940 1-4.
283 2885 315 2935 a.
334 2884 355 2933 1.
375 2887 399 2945 t,
418 2883 461 2946 ss,
482 2879 567 2936 1-4.
636 2881 661 2947 ι)
677 2880 745 2934 ant.
769 2883 811 2946 ιι,
829 2882 856 2943 s,
873 2879 902 2933 t.
919 2880 947 2943 9,
967 2869 1052 2936 r-ts.
1086 2882 1118 2940 u.
1137 2883 1159 2938 1.
1184 2885 1210 2948 2,
1231 2885 1255 2937 1.
1273 2913 1309 2927 -

155 2952 247 3002 Minus
264 2963 337 3003 recte
354 2951 532 3002 Usseriu's
550 2947 595 3010 (ad
613 2966 638 3000 st
657 2950 705 3001 tv.
724 2968 749 3000 a.
768 2946 800 3002 G.
819 2950 870 3015 ιι.),
889 2949 1114 3002 Whistonus
1132 2951 1220 3017 (short
1236 2952 1309 3004 view

140 3023 205 3070 ‘etc
223 3037 330 3100 propos.
351 3019 417 3084 11),
436 3017 596 3087 quibuscum
614 3018 784 3070 Norisins
801 3017 880 3083 facit,
898 3016 947 3084 (de
965 3035 1073 3068 nummo
1090 3018 1205 3071 Herodis
1223 3018 1309 3070 Anti-

154 3105 206 3157 pae
222 3107 251 3158 p.
261 3086 336 3151 654.)
355 3086 483 3137 Herodem
503 3083 547 3137 die
564 3085 632 3140 Nor.
645 3086 678 3137 25
696 3084 792 3139 obiisse
808 3095 915 3161 putant,
933 3087 997 3155 quia
1014 3086 1042 3136 in
1060 3098 1149 3139 vetere
1165 3087 1308 3139 Hebraeo-

86 3222 91 3232 ,
154 3190 213 3222 rum
230 3171 311 3236 libro,
321 3173 417 3223 ΓΙἪΓΙ
440 3154 522 3224 115171
546 3173 625 3222 inseri
646 3182 689 3236 to,
713 3171 770 3223 eius
794 3187 864 3221 mors
886 3171 1001 3240 septimo
1020 3169 1119 3223 cistert
1136 3175 1234 3224 mensis
1252 3172 1309 3224 diei

155 3241 313 3308 assignatur.
351 3241 394 3291 Me
413 3240 475 3291 illac
501 3258 535 3291 an
556 3191 670 3310 losepIm
694 3241 781 3289 maior
805 3240 840 3287 sit
856 3235 923 3288 fides
940 3237 1083 3303 babendo,
1101 3241 1130 3290 in
1147 3241 1240 3309 aprico
1258 3251 1307 3291 est.

153 3311 184 3370 v)
202 3307 357 3359 Secundum
374 3260 560 3360 ldelcrum
584 3309 630 3374 (ll,
649 3306 724 3373 392.)
749 3324 781 3358 ea
804 3305 912 3376 eclipsis
935 3305 985 3356 snb
1010 3306 1159 3360 meridiano
1177 3308 1308 3359 Hieroso-

153 3375 286 3444 lymitano
304 3376 340 3427 ab
356 3377 422 3428 bora
439 3387 501 3446 post
518 3373 635 3426 mediam
652 3384 757 3426 noctem
768 3378 794 3438 1,
813 3375 920 3428 min.48
931 3372 966 3423 ad
984 3373 1079 3439 hond,
1097 3377 1163 3425 min.
1175 3379 1207 3428 ¹2
1223 3387 1307 3447 temp.

155 3461 212 3510 reri
230 3459 336 3512 duravit
353 3450 363 3469 ⁹
397 3460 430 3523 x)
449 3460 602 3594 Cgpmara
619 3459 681 3510 hab.
701 3469 780 3513 tract.
807 3460 901 3509 nturi
923 3458 1045 3513 tonte.
1066 3458 1203 3514 1..1ο1.’3.
1221 3479 1250 3531 p.
1270 3463 1307 3526 1.,

421 3545 470 3595 0¹⁸2

154 3541 198 3594 ed.
216 3543 418 3663 Amstelodslj
519 3531 585 3596 diffidi
608 3530 731 3598 btzblt‘u
755 3529 820 3598 flflb
841 3544 923 3618 liiii}
937 3544 998 3627 ΓΝ
1021 3562 1096 3608 ,,ιιοιι
1118 3556 1261 3595 numerant
1277 3546 1308 3596 iu

153 3612 260 3679 regibus
277 3615 329 3663 nisi
352 3631 367 3663 a
416 3616 523 3674 isano,“
551 3616 573 3680 (i
603 3631 627 3664 e.
645 3631 737 3681 regum
755 3630 838 3664 annos
862 3630 967 3681 nonnoso
986 3631 1001 3663 a
1018 3612 1118 3673 Niseno
1134 3613 1307 3679 numerant);

154 3677 269 3744 deinde,
286 3681 424 3732 nonnullis
447 3683 594 3750 scripturae
610 3698 700 3733 sacrae
717 3680 794 3744 locis,
811 3679 883 3732 unde
901 3680 952 3733 boc
969 3678 1174 3750 comprobetur,
1193 3681 1308 3732 interie-

154 3766 217 3827 cto,
252 3767 290 3816 na
313 3766 461 3888 gargan:
496 3753 607 3820 bnans
645 3750 746 3819 *aaut
776 3750 843 3818 ubo
876 3766 932 3817 ιιιι
962 3751 1003 3816 nb
1037 3764 1128 3818 noun
1149 3745 1184 3820 ἰ
1216 3765 1306 3829 uun:
1349 3808 1353 3821 ,

166 3831 244 3889 ,dixit
260 3835 292 3887 R.

154 3869 202 3967 ’tot
222 3921 248 3969 a.
267 3936 297 3987 p.
316 3921 351 3971 n:
372 3921 438 3970 nau
461 3920 550 3974 arun
573 3920 662 3970 naua
683 3921 753 3973 nnn
777 3914 842 3972 ιιιιι
867 3904 989 3972 arebat
1015 3920 1108 3971 naun
1127 3920 1202 3973 nnn
1220 3920 1306 3992 tufa:

46 4020 52 4037 1
153 3985 289 4049 „Misenus
307 3987 415 4038 initium
433 3991 495 4041 anni
513 3989 635 4057 regibus3
659 4007 691 4040 ac
707 3987 765 4039 dies
783 3988 892 4058 quidem
910 4006 978 4039 unns
996 3989 1023 4038 in
1042 4006 1113 4039 anno
1132 3987 1226 4050 (videl.
1245 3999 1309 4058 post

151 4069 286 4121 Kalendas
302 4070 408 4137 Nisani)
426 4075 509 4124 instar
527 4074 590 4124 anni
608 4078 808 4144 computatur.“
835 4071 925 4127 lbid.
949 4075 1015 4124 nott)
1038 4073 1119 4144 ηἹῠῧ
1142 4077 1211 4135 *il'lti¹
1234 4068 1306 4126 meg

149 4157 215 4208 nott
239 4157 328 4209 :trun
363 4176 454 4224 „unus
480 4157 536 4209 dies
560 4159 588 4207 iu
613 4160 676 4208 anui
696 4156 750 4209 fine
772 4176 822 4228 pro
848 4172 919 4208 anno
945 4160 1132 4212 numeratur.“
1198 4156 1233 4228 y)
1261 4156 1306 4213 CI.

150 4223 351 4275 Lardnerus
373 4227 392 4276 l.
420 4224 439 4273 I.
459 4227 478 4290 1,
497 4229 534 4291 2,
557 4227 586 4275 in
604 4223 769 4295 appendice,
787 4245 814 4295 p.
834 4227 894 4278 794.
961 4222 1304 4289 κ)01.Διι1.14,16,4.

151 4291 214 4343 ooll.
236 4291 277 4356 14,
294 4290 322 4358 4,
340 4295 365 4346 3.
410 4290 531 4362 Quorum
554 4290 675 4345 locorum
693 4292 776 4345 altero
784 4293 920 4364 ‘Iosephus
939 4292 1127 4363 Hierosolyma
1143 4311 1159 4344 a
1175 4295 1242 4346 I’onr
1263 4297 1314 4347 eio-

150 4370 231 4430 capta
250 4377 304 4411 esse
322 4360 404 4412 refert
422 4359 453 4415 C.
471 4362 610 4422 Antonio,
636 4361 675 4415 M.
695 4360 787 4413 Tullio
806 4360 936 4414 Cicerone
955 4359 1040 4426 Coss,
1058 4363 1077 4411 i.
1096 4379 1121 4412 e.
1139 4362 1173 4413 U·
1192 4359 1223 4416 C.
1279 4365 1304 4428 1,

151 4444 243 4478 mense
268 4429 366 4490 tertio,
391 4429 484 4479 ieiunii
502 4426 563 4495 die3
582 4428 668 4479 altero
687 4426 807 4481 eamdem
824 4429 886 4480 urbi
902 4416 1006 4481 cladem
1024 4447 1039 4479 a
1057 4428 1134 4481 Sosio
1152 4439 1180 4482 et
1196 4429 1304 4482 Herode

152 4494 280 4546 accidisse
296 4495 382 4549 tradit
399 4495 473 4549 Coss.
495 4498 534 4550 M.
552 4494 674 4567 Agrippa
692 4507 718 4549 et
735 4494 849 4551 Caninio
868 4496 963 4562 Gallo,
980 4496 1006 4548 U
1035 4493 1067 4550 C·
1085 4499 1145 4561 717,
1164 4515 1255 4550 mense
1273 4516 1304 4548 ac

151 4562 197 4614 die
216 4561 322 4615 eodem.
376 4563 471 4615 Annos
499 4582 562 4616 sero
593 4566 664 4617 inter
691 4566 832 4635 utrumque
853 4583 910 4618 rem
933 4565 1110 4618 intercessisse
1139 4567 1179 4616 ait
1207 4562 1306 4635 viginti

151 4636 269 4703 septem,
285 4650 369 4703 quum
386 4650 441 4688 uon
459 4634 620 4687 interessent
636 4632 687 4684 uisi
706 4634 803 4706 viginti
819 4636 868 4686 sex
884 4653 941 4685 cum
959 4635 1001 4686 die
1018 4652 1079 4685 urio.
1132 4635 1163 4700 a)
1181 4629 1225 4687 cf.
1236 4652 1304 4704 quae

335 3833 435 3884 baeda:
462 3835 513 3887 hoo
531 3853 584 3887 nou
602 3833 699 3886 docent
722 3833 773 3884 nisi
791 3833 825 3885 de
842 3834 950 3902 regibus
968 3833 1179 3903 Israeliterumf‘
1213 3835 1269 3886 lbi
1280 3833 1307 3887 d.
