2956 5168
122 233 165 331 ss

290 263 377 328 car.
397 263 446 325 ru
465 283 470 292 ·
488 259 543 324 os
564 254 826 323 ssurcumus
847 252 994 353 usauu
1014 249 1172 326 amur,

125 432 273 517 telligltnr-
289 439 387 496 autem
409 430 552 495 elcor.
574 429 616 490 19
621 473 631 504 ,
653 427 700 501 8.,
732 425 855 488 Paulum
883 425 922 485 ad
948 416 1139 504 pehteocstes
1164 432 1261 500 usqne
1292 417 1341 480 le-

126 527 204 582 stum
225 520 339 602 Ephesi
359 537 478 579 manere
499 515 638 575 voluisse.
682 512 744 574 Sed
766 530 803 572 ex
823 511 881 571 hcc
903 509 969 570 loco
989 514 1073 570 recte
1093 504 1244 579 concludi,
1265 520 1342 585 apa·

127 667 324 681 *nv-.-

108 1523 110 1527 <
198 1491 292 1557 signat.
309 1517 343 1528 —
366 1488 470 1538 Deinde

195 767 306 820 quiesse,
324 749 385 800 hinc
402 747 536 817 sequitur,
553 745 620 806 nisi,
637 745 737 796 Lucam
753 759 809 794 uon
826 743 931 803 omnia,
959 760 1028 810 quse
1046 739 1082 792 ad
1097 738 1174 792 Pauli
1191 756 1232 790 res
1249 741 1343 806 perti·-

194 829 274 880 rent,
291 819 434 867 memoriae
451 811 611 866 tradidisse?
628 841 663 852 —
689 812 834 877 „Locus,“
851 811 939 879 pergit
956 813 998 879 (p.
1016 807 1091 873 sc),
1119 812 1156 871 „1
1169 803 1231 860 (lor.
1249 811 1299 872 11,
1319 813 1346 860 5.

196 888 296 955 (potius
314 890 340 949 9,
351 885 390 950 6.)
407 881 533 933 lecchum
550 879 651 931 domini
669 878 778 931 fratrem
784 915 793 944 ,
810 875 1058 945 Hierosolymorum
1075 876 1242 945 episcopum,
1261 891 1346 942 quem

195 963 296 1017 veteres
314 967 405 1001 omnes
427 962 563 1017 nunquam
585 965 618 997 ex
640 947 685 997 illa
703 946 769 1004 urhe
787 944 934 996 discessisse
956 947 1100 1005 testantur,
1127 942 1257 992 tumeam
1273 960 1346 1012 sup-

195 1020 277 1090 plicio
296 1015 421 1070 affectum
438 1016 518 1068 fuisse
534 1016 698 1083 supponit.“'
727 1013 816 1065 Iacchi
833 1024 945 1063 mortem
962 1012 997 1064 K.
1015 1028 1086 1062 anno
1103 1015 1145 1063 69.
1162 1008 1280 1062 collocat
1300 1013 1345 1079 (p.

196 1088 267 1154 ⁶303
292 1097 414 1154 tempore
431 1083 527 1136 ecdem
544 1082 654 1133 Paulum
673 1083 771 1132 Romae
789 1081 924 1149 captivum
940 1078 1022 1131 fuisse
1039 1089 1129 1131 censet
1146 1076 1261 1144 (ibid),
1286 1079 1347 1128 ianr

196 1172 281 1223 quum
299 1158 314 1205 1
334 1151 368 1202 ad
378 1148 439 1203 Cor.
457 1169 500 1220 ep.
519 1167 572 1201 non
589 1152 624 1200 sit
640 1151 740 1201 Romae
757 1158 877 1199 exarata:
897 1165 955 1198 eam
971 1157 1033 1216 post
1050 1147 1231 1214 captivitatem
1239 1146 1348 1210 hemam
1384 1159 1387 1163 ’

189 1239 259 1272 stam
285 1220 462 1336 conscriptam
488 1235 543 1269 esse
567 1215 679 1267 iudicat.
722 1217 761 1266 At
788 1214 839 1266 el.
856 1215 874 1267 l.
901 1232 956 1264 non
979 1213 1056 1265 aliter
1076 1213 1119 1276 id,
1147 1211 1221 1281 quod
1236 1211 1271 1263 K.
1290 1211 1349 1264 de*-

198 1288 293 1351 duxh,
321 1304 386 1338 conc
398 1285 443 1335 udi
460 1296 549 1353 potest
556 1320 565 1348 ,
592 1286 643 1336 m'si
661 1283 801 1335 articulum
820 1293 882 1333 ante
898 1300 924 1333 v.
942 1279 1061 1350 ἀδελφοὶ
1077 1280 1126 1332 τοῦ
1143 1282 1238 1348 κυρίου
1256 1298 1350 1329 omnes

199 1355 301 1406 domini
319 1353 413 1406 lratres
431 1353 552 1405 iudicare
567 1353 710 1421 putaveris.
745 1351 784 1401 As
800 1351 823 1401 is
840 1367 894 1400 non
912 1368 1014 1412 omnes,
1038 1347 1087 1399 sed
1109 1359 1193 1398 ornos
1208 1345 1270 1397 illos
1288 1347 1348 1398 do-

198 1424 265 1473 snini
283 1421 385 1484 fratres,
405 1438 471 1489 quos
489 1431 515 1472 et
530 1422 627 1470 itinera
644 1418 733 1470 facere
751 1430 777 1469 et
795 1435 892 1470 uxores
910 1415 1107 1468 circumducere
1119 1414 1273 1478 constabat,
1293 1414 1349 1466 de-

492 1491 503 1551 (
527 1493 593 1541 .80.
630 1488 654 1537 ei
676 1488 837 1548 sententiae,
862 1503 932 1554 quae
947 1484 1004 1536 sola
1021 1500 1081 1536 cum
1098 1482 1201 1550 vulgari
1218 1481 1252 1533 de
1269 1496 1348 1533 tem-

197 1575 264 1625 pore
281 1557 397 1625 scriptae
415 1559 438 1609 1.
451 1554 485 1606 ad
496 1505 558 1609 dor.
570 1573 611 1624 ep.
623 1552 757 1605 statuendi
774 1555 877 1603 ratione
896 1554 1030 1616 convenit,
1060 1568 1164 1620 exque
1181 1548 1230 1600 hae
1249 1549 1349 1601 literas

198 1625 297 1694 Ephesi
315 1615 357 1674 vel
373 1640 458 1693 prope
465 1622 600 1693 Ephesum
617 1632 743 1673 exaratae
761 1639 815 1672 esse
833 1619 988 1684 creduntur,
1005 1634 1153 1689 repugnare
1170 1616 1237 1668 dicit
1253 1617 1350 1668 locum

200 1691 284 1745 IGcr.
303 1696 420 1757 16,10.,
440 1691 518 1759 quia,
537 1691 583 1758 qui
600 1688 640 1740 ihi
659 1698 898 1742 commemorentur
914 1685 1048 1756 aestuet,
1067 1703 1154 1755 neque
1170 1685 1271 1735 Ariani
1288 1702 1350 1737 esse

221 1761 316 1822 ossius,
345 1769 439 1827 utpote
456 1775 569 1826 quorum
586 1756 687 1808 isentic
705 1756 845 1806 lectulum
863 1757 898 1807 sit
913 1774 939 1808 s.
958 1760 1014 1816 19..
1031 1768 1120 1822 neque
1140 1752 1266 1803 Corinthii
1284 1771 1350 1805 cum

198 1779 289 1897 llaulo'
302 1837 449 1894 versantes,
467 1827 530 1894 quis
547 1823 596 1877 soli
615 1842 649 1877 ex
657 1825 767 1876 istorum
784 1840 894 1874 numero
912 1834 967 1873 tum
988 1821 1061 1891 apud
1077 1821 1227 1903 apostolum
1243 1819 1351 1872 suerint

198 1894 356 1966 Stephanae,
372 1893 533 1944 Fortunatus
551 1903 577 1942 et
593 1890 727 1942 Achaicus
744 1891 859 1959 (quippe
876 1908 944 1960 quos
959 1892 1017 1959 ipss
1037 1887 1236 1941 Corinthiorum
1254 1887 1350 1939 locum

200 1961 275 2033 apud
291 1980 319 2013 se
337 1961 485 2028 explevisse
503 1958 575 2010 dicat
591 1977 616 2010 v.
635 1959 815 2026 ss.t,=-neque
839 1960 900 2026 post
911 1975 1014 2010 ¹eorum
1025 2004 1026 2009 ,
1037 1955 1182 2008 discessum
1194 1956 1351 2025 'quisquam

201 2049 235 2081 ex
251 2029 363 2081 ecclesia
381 2025 502 2080 Corinth.
520 2029 550 2076 in
566 2025 643 2076 Pauli
658 2025 785 2077 societate
803 2024 836 2075 de
855 2026 915 2076 erit.
940 2024 995 2077 Sed
1011 2035 1042 2076 ut
1058 2025 1221 2087 omittamus,
1237 2041 1350 2094 nequa-

222 2115 282 2146 uam
299 2105 402 2152 certum
429 2111 501 2156 esse,
547 2091 602 2143 uod
625 2093 660 2146 K.
687 2094 815 2174 supponit
838 2043 878 2162 dp.
904 2094 988 2159 les),
1021 2090 1198 2161 stephanam,
1222 2090 1297 2144 Fors.
1322 2102 1352 2142 et

200 2114 270 2219 leh.
288 2162 357 2213 hanc
377 2179 420 2230 ep.
439 2112 598 2214 Corinthum
614 2159 721 2224 tulisse,
738 2160 856 2231 ideoque
872 2160 947 2213 brevi
964 2171 1026 2231 post
1043 2170 1100 2213 eain
1119 2169 1256 2210 exaratam
1274 2161 1352 2210 Pso-

200 2232 257 2282 lum
273 2229 427 2297 reliquisse:
446 2245 543 2292 nonne,
562 2245 629 2295 quos
639 2228 667 2281 P.
675 2227 695 2280 l.
713 2229 733 2280 l.
751 2227 836 2293 dixit,
854 2223 955 2288 πάντες
972 2229 999 2280 oi
1016 2224 1083 2281 uldel
1108 2226 1146 2290 cl,
1163 2240 1221 2279 esse
1236 2237 1352 2296 possunt

202 2315 293 2350 omnes
311 2297 418 2348 omniuo
436 2292 594 2360 Christiani,
622 2312 737 2363 quorum
758 2302 865 2348 nomine
883 2295 1033 2366 apostolum
1049 2245 1114 2363 elidi
1131 2308 1239 2363 quoque
1254 2296 1350 2362 (Rom.

203 2371 244 2430 16,
263 2363 316 2444 15.)
341 2363 468 2421 salutasse
484 2359 625 2414 novimus?
659 2363 791 2433 Philippis
812 2376 900 2415 autem
923 2364 1064 2432 epistolam
1086 2379 1144 2415 noso
1166 2363 1261 2413 ositssn
1280 2380 1351 2426 esse,

203 2432 358 2483 Euthalsum
380 2441 500 2495 secutus,
525 2430 668 2482 verisimile
693 2429 781 2496 ducit,
810 2450 889 2500 quam
903 2433 1069 2489 >sententiam
1093 2380 1245 2481 conlrmari
1271 2441 1352 2499 putat
1393 2429 1398 2442 '

201 2496 472 2563 locotcor.1e,s.
497 2496 691 2564 (Μακεδονίαν
708 2496 864 2569 διέρχομαι)
871 2520 881 2564 ,·
907 2510 1045 2568 praeterea
1062 2497 1124 2551 loco
1143 2503 1185 2560 15,
1203 2503 1246 2550 82.
1264 2497 1351 2549 verba
1382 2538 1385 2545 .

129 2574 131 2579 '
202 2559 409 2637 ἐθηριομάχησα
431 2564 463 2618 ἐν
476 2562 584 2634 Ἐφέσῳ
607 2577 760 2633 argumento
781 2584 836 2618 esse
858 2577 961 2631 censet,
988 2565 1079 2618 literas
1096 2565 1198 2634 Ephesi
1219 2583 1275 2616 non
1294 2583 1352 2617 esse

204 2636 380 2704 conscriptam
404 2651 464 2702 cap.
482 2649 545 2683 vero
564 2637 603 2684 16.
621 2652 645 2684 v.
662 2638 687 2687 8.
709 2651 802 2685 rocem
824 2633 947 2702 ἔπιμενῶ
965 2632 1000 2684 de
1017 2634 1225 2685 commoratione
1246 2631 1349 2696 futura,

203 2721 285 2773 quem
307 2700 425 2771 sp..sihi
447 2701 629 2772 proposuerit,
656 2700 771 2768 intelligi
790 2719 870 2771 posse
892 2701 958 2752 dicit
982 2703 1022 2770 (p.
1040 2705 1107 2767 80.)-
1141 2699 1215 2821 (ἐπει
1237 2699 1352 2768 quidem

204 2771 277 2822 omni
298 2767 435 2840 probandi
454 2771 481 2819 si
505 2784 608 2830 carere,
635 2769 779 2837 quisset,
812 2769 878 2838 quin
902 2763 1054 2836 intelligat?
1080 2793 1115 2810 ·-·
1170 2770 1231 2819 irco·
1250 2766 1351 2819 festum

203 2853 358 2907 azymorum
376 2837 491 2905 primam
508 2832 542 2885 ad
559 2833 621 2890 Cor.
639 2853 682 2904 ep.
700 2847 835 2887 exaratam
848 2845 928 2901 lesse,
955 2855 1013 2887 curu
1059 2833 1120 2887 ieris
1141 2854 1191 2902 ue,
1231 2847 1353 2887 streete

204 2904 328 2975 quidem,
347 2913 378 2953 ut
394 2901 514 2965 videtur,
533 2901 568 2957 K.
587 2901 680 2954 eloco
697 2905 775 2955 husius
792 2922 835 2974 ep.
852 2909 878 2971 6,
895 2910 921 2957 9.
939 2909 1034 2955 conclu
1056 2905 1075 2954 't
1096 2855 1145 2971 (ol.
1160 2920 1241 2973 supra
1253 2923 1286 2974 p.
1305 2909 1350 2968 52.

202 2983 257 3024 not
275 2972 323 3039 gr).
357 2968 389 3019 ld
405 2987 468 3021 sero
486 2970 626 3020 convenire
644 2980 724 3037 negat
740 2988 801 3023 cum
817 2972 948 3037 sententia
965 2972 1086 3039 vulgari,
1114 2989 1148 3022 ex
1170 2988 1224 3039 qus
1240 2971 1292 3021 hae
1309 2970 1351 3022 li-

202 3053 275 3090 tarae
294 3040 363 3088 circa
379 3049 486 3105 tempus
502 3035 566 3087 Act.
585 3041 627 3099 19,
640 3042 674 3090 21
683 3055 723 3106 sq.
740 3037 904 3109 descriptum
923 3041 976 3090 sint
992 3040 1165 3108 compositae,
1185 3055 1267 3106 quum
1276 3039 1353 3089 Pau-

202 3107 223 3157 li
242 3124 278 3157 ex
299 3104 365 3156 urhe
387 3104 521 3172 Ephesios
544 3102 673 3155 discessus
696 3111 790 3173 (quem
805 3107 840 3157 ll.
858 3107 927 3157 brevi
948 3117 1009 3176 post
1030 3107 1099 3157 hanc
1121 3108 1207 3177 ipsam
1232 3117 1353 3157 aetatem

204 3171 392 3229 collocandum
416 3188 472 3222 esse
495 3169 582 3236 ducit,
608 3189 636 3240 p.
647 3172 711 3238 ¹54.)
734 3171 875 3226 auctumno
896 3173 982 3226 lactus
1003 3175 1039 3225 sit
1061 3177 1103 3244 (p.
1120 3177 1263 3232 61-·93.).
1298 3174 1351 3241 As,

202 3258 342 3312 perperam
367 3240 465 3302 statui,
493 3237 607 3288 Paulum
635 3250 779 3292 auctumno
796 3240 930 3312 Ephesum
955 3240 1112 3360 relippisse,
1137 3240 1207 3293 inira
1234 3240 1352 3292 demon-

203 3321 288 3361 strare
304 3305 478 3360 studebimus.
489 3333 523 3344 -
539 3306 618 3354 Perre
636 3305 676 3374 (p.
689 3306 786 3377 Silsq.)
802 3310 912 3360 minime
928 3308 1013 3377 proha
1033 3308 1071 3360 ile
1089 3308 1144 3361 esse
1160 3311 1208 3371 ait,
1226 3309 1352 3377 Paulum,

159 3428 161 3433 ⁴
204 3395 286 3446 quum
307 3376 378 3427 circa
400 3385 571 3425 suctumuum
587 3370 628 3438 (?)
650 3375 792 3426 consilium
811 3377 998 3446 Hierosolyma
1019 3373 1207 3446 proficiscendi
1223 3379 1354 3445 pronun-

202 3447 308 3506 tiasset,
335 3440 456 3509 duosque
479 3439 548 3490 adeo
565 3442 650 3491 socios
672 3443 850 3510 praemisisset
874 3445 949 3509 (Act.
967 3449 1008 3506 19,
1026 3447 1139 3513 21sq·),
1163 3461 1229 3496 mox
1245 3442 1353 3496 ebitum

204 3530 238 3563 ex
253 3509 431 3580 Ephesiorum
446 3510 559 3559 moeniis
577 3509 605 3557 in
623 3520 794 3576 pentecosten
810 3513 962 3580 proximam
978 3510 1113 3563 distulisse
1131 3512 1160 3579 (1
1170 3510 1232 3565 Cor.
1245 3515 1288 3574 16,
1299 3514 1352 3580 8.),

202 3575 621 3706 66116661
638 3573 1353 3714 116.’61616616611111

203 3711 257 3763 silii
277 3662 420 3762 auctumllo
447 3709 568 3763 elocutus
587 3720 666 3770 esset,
689 3681 796 3781 ouidii
819 3685 893 3765 suin
915 3733 949 3766 ex
965 3682 1141 3784 Ephesiorum
1166 3666 1232 3765 uibe
1252 3666 1354 3783 proeli:

204 3780 339 3842 ctionem,
361 3779 441 3833 variis
463 3788 597 3847 permotus
615 3779 714 3845 causis,
731 3781 761 3831 io
777 3792 950 3850 pentecosten
967 3793 1121 3851 sequentem
1138 3779 1280 3833 mordere
1298 3802 1354 3854 po-

203 3847 301 3908 tuerit,
333 3862 388 3896 non
406 3843 508 3909 sideo3
535 3843 633 3896 deinde
700 3863 777 3899 onam
804 3848 914 3900 tandem
937 3860 1092 3917 argumento
1114 3848 1223 3918 probari
1249 3861 1352 3918 potest,

205 3913 491 3981 evulgarisentsntia
506 3912 546 3961 ita
562 3910 672 3975 iudicas,
690 3931 735 3965 um
752 3933 823 3981 esse,
844 3918 1010 3984 proposuisse
1026 3917 1077 3968 sibi
1096 3935 1153 3985 ap.,
1172 3928 1201 3966 ut
1219 3918 1282 3966 anni
1302 3918 1352 3970 de·

204 3999 278 4031 mom
285 3978 430 4034 intersallo
436 3976 616 4047 praeterlapso
623 3978 809 4051 Hierosolyma
815 3982 936 4050 peteret?
948 3985 1067 4036 Tametsi
1076 4001 1247 4052 nequaquam
1253 3987 1354 4039 mirum

203 4047 306 4111 fuisset,
326 4047 350 4097 si
360 4045 467 4107 Paulus,
487 4062 569 4112 quum
586 4044 699 4110 rideret,
716 4051 745 4099 in
762 4050 918 4102 collectione
928 4053 1002 4122 stipis
1019 4050 1092 4102 haud
1108 4069 1203 4120 parurn
1220 4056 1352 4121 temporis
1382 4067 1384 4071 ’

205 4125 373 4169 consumtum
388 4114 434 4176 ist,
449 4113 647 4169 iter-Hierosia
663 4118 815 4184 proximum
833 4117 940 4169 demum
958 4136 1057 4172 aunum
1074 4117 1193 4172 conferre
1211 4117 1353 4173 decrevis-

204 4195 253 4237 set.
270 4203 306 4225 -s-
329 4181 410 4235 Locis
427 4178 487 4231 Act
506 4182 552 4244 19,
570 4182 651 4249 21⁸q.
673 4186 721 4242 24,
741 4191 781 4238 ls.
805 4186 881 4240 Rom.
899 4191 945 4250 15,
962 4192 1005 4240 32.
1023 4191 1064 4240 83.
1091 4184 1352 4258 l-Gor.16,lsqq.

204 4247 292 4333 silos.
311 4266 387 4366 capp.
403 4252 472 4307 8049·
491 4258 568 4314 negat
586 4245 619 4301 de
637 4251 830 4332 eodemerauo
847 4271 993 4305 sermonem
1011 4272 1067 4306 esse
1084 4256 1098 4323 (
1118 4292 1126 4306 .
1144 4256 1178 4305 64
1189 4254 1253 4322 sep).
1273 4253 1354 4308 Dicis

206 4336 287 4382 emm,
306 4319 335 4434 lp
374 4315 472 4382 aulum,
488 4332 572 4382 quum
589 4313 625 4364 sd
643 4315 794 4373 Corinthios
811 4322 954 4385 scriberet,
973 4321 1086 4373 dubium
1098 4272 1233 4385 haesisse,
1259 4332 1354 4376 unum

205 4386 320 4437 Hieroso
331 4400 395 4453 yma
411 4380 566 4446 veheretur,
584 4400 674 4438 uscue*
686 4389 715 4456 (1
724 4386 786 4440 cor.
804 4394 845 4445 16.
863 4394 888 4442 4.
904 4387 991 4442 2Cor.
1009 4395 1051 4453 10,
1071 4391 1139 4457 16.),
1158 4400 1185 4440 ut
1202 4406 1234 4456 ea
1250 4399 1353 4458 aetate,

206 4452 241 4505 de
263 4469 315 4520 qua
339 4451 424 4502 Lucas
437 4448 507 4530 ‘Act
527 4453 574 4513 19,
591 4453 633 4506 21.
657 4455 796 4524 loquatur,
822 4455 972 4508 firmissime
991 4455 1119 4509 eumdem
1137 4453 1208 4525 apud
1231 4459 1355 4511 animum

208 4519 384 4580 constituisse,
402 4534 518 4585 primum
533 4515 737 4591 Hierosolyma,
763 4522 861 4576 deinde
877 4524 988 4577 Romam
1010 4523 1085 4575 adire
1103 4525 1163 4591 (19,
1181 4529 1224 4576 al.
1242 4523 1286 4581 cll.
1307 4531 1354 4593 2⁰,

147 4628 151 4645 2
207 4589 264 4649 22)
282 4584 363 4642 nullis
373 4600 506 4635 cetsurum
517 4583 714 4654 impedimentis
732 4591 802 4653 (Act.
817 4596 962 4655 ausam.
980 4591 1025 4643 cll.
1042 4592 1117 4645 llosn.
1136 4596 1182 4654 16,
1200 4596 1225 4643 h.
1244 4591 1354 4660 (potius

217 4657 273 4723 16.)
289 4659 331 4708 18.
366 4653 409 4709 st.
432 4667 508 4720 quom
523 4649 627 4715 firmum
644 4657 723 4710 fuerit
741 4657 791 4709 hcc
808 4658 884 4710 Pauli
907 4659 1061 4724 consilium,
1088 4677 1170 4728 quum
1186 4657 1284 4727 Ephesi
1301 4659 1355 4716 de.
