2956 5168
231 218 343 302 QUAE
362 214 452 284 ΜΠ.
474 218 586 282 ΟΛΡΡ.
610 218 852 285 liv-xxviii.
875 220 1176 285 collatunnam.
1199 221 1232 281 B.
1282 218 1345 283 115

168 391 385 471 Hierosolymis
405 392 437 450 iu
458 389 573 451 vincula
594 392 746 452 coniectus
761 401 793 452 et
807 392 879 452 Cae-

232 475 542 557 mreamaeportatus
564 477 594 537 in
617 475 751 537 custodia
771 475 829 536 fuit
1186 476 1223 536 ab
1244 496 1271 536 a.
1291 474 1344 536 58.

1185 576 1224 636 ad
1245 598 1271 640 a.
1285 556 1344 637 'ott

171 763 319 827 Caesarea
357 763 416 824 iter
456 762 589 842 suscepit
625 760 791 824 Romanum
824 781 905 822 (ιιι-Ι

232 858 357 910 otumno

168 951 293 1012 Romam
314 952 467 1029 ingressus
489 956 537 1010 est
557 967 631 1007 vere

168 1053 294 1116 Vinctus
320 1051 362 1110 ibi
389 1051 552 1131 permansit
579 1048 731 1127 usquead
755 1067 884 1109 vernum

231 1142 314 1197 certa
335 1143 458 1216 tempus

211 1305 271 1365 lam
300 1323 372 1365 vero
400 1322 576 1383 quamquam
596 1302 646 1377 irl,
678 1304 763 1363 caius
786 1290 875 1361 oa'usa
896 1303 972 1362 haee
993 1302 1205 1376 dissemimus,
1227 1306 1347 1383 assequi

125 1391 212 1452 nobis
235 1391 379 1468 contigit,
412 1396 512 1446 tamen
532 1389 628 1447 minus
649 1395 734 1447 recte
755 1389 792 1448 ab
814 1389 872 1447 hoc
894 1389 997 1466 capite.
1013 1388 1256 1463 discesserimus,
1288 1392 1346 1451 nisi

126 1476 375 1554 quaesiverimus,
410 1478 550 1551 quantum
589 1473 620 1530 in
656 1473 796 1533 eruendis
831 1470 1015 1550 temporibus
1049 1473 1156 1534 iisdem
1188 1474 1252 1535 aliis
1281 1476 1346 1553 qui·

124 1560 249 1620 busdam
282 1559 356 1618 locis
385 1557 533 1630 iuvamur,
566 1556 672 1635 quibus
699 1556 854 1616 nonnullos
876 1556 914 1617 ad
936 1575 972 1616 ea
994 1557 1162 1619 definientis
1184 1576 1253 1619 usos
1266 1578 1344 1620 csse

125 1645 270 1705 videmus.

210 1761 255 1821 Ac
277 1759 404 1839 primum
427 1758 548 1839 quidem
569 1757 648 1833 baqd
671 1759 757 1839 pauci
777 1758 816 1817 ad
836 1757 902 1818 Aet.
925 1777 987 1835 cap.
1004 1757 1055 1833 18,
1076 1777 1103 1819 v.
1125 1758 1153 1819 2.
1176 1768 1346 1839 provocant,

126 1846 178 1907 ubi
200 1865 289 1924 quum
311 1844 344 1903 P.
368 1842 543 1905 Corinthum
565 1845 719 1923 ingressus
741 1842 878 1921 Aquilam
900 1851 931 1903 et
952 1842 1127 1921 Priscillam,
1157 1845 1209 1925 qui
1229 1842 1347 1921 Claudii

126 1932 250 1991 decreto
283 1947 340 1989 una
369 1948 436 1988 cum
463 1928 588 2007 reliquis
615 1927 733 1988 ludaeis
761 1927 856 1987 Roma
893 1927 1009 2005 expulsi
1040 1926 1168 2003 lnerirrt,
1197 1929 1349 1991 invenisse
1446 1997 1450 2004 ,

127 2016 241 2075 dicotur
260 2006 483 2099 προςφάτως,
516 2014 535 2073 i.
559 2032 584 2072 e
615 2032 729 2092 nuper,
757 2002 964 2097 ἐληλυθότας
995 2002 1065 2074 ἀπὸ
1101 2011 1162 2096 τῆς
1193 2004 1346 2089 Ἰταλίας,
1443 2018 1450 2033 ⁷

128 2100 301 2181 apostolum
320 2099 442 2163 nonita
455 2098 554 2158 multo
572 2104 656 2179 post,
676 2116 768 2177 qnam
786 2099 899 2156 Caesar
915 2094 1046 2156 Iudaeos
1066 2117 1107 2156 ee
1125 2096 1202 2159 arbe
1215 2098 1348 2175 eiecerit,

128 2188 159 2245 iu
181 2184 323 2243 Achaiam
345 2183 473 2257 venisse,
494 2192 578 2242 recte
599 2189 740 2255 statuunt,
764 2182 844 2256 licet,
866 2187 973 2260 quanto
994 2182 1090 2243 serius
1111 2182 1219 2245 Paulus
1242 2182 1349 2245 Garin-

128 2268 213 2329 thum
237 2267 360 2341 adierit,
382 2267 552 2347 disputent,
584 2267 737 2346 plerisque
757 2286 822 2327 rem
844 2275 895 2325 aut
916 2284 992 2326 auno
1014 2265 1131 2341 eidem,
1157 2274 1209 2329 aut
1230 2270 1276 2345 ei,
1298 2269 1349 2350 qui

127 2354 278 2415 insecutus
300 2357 362 2424 est,
389 2351 605 2424 tribuentibus,
636 2352 737 2430 paucis
759 2353 798 2412 de
820 2358 955 2429 tempore
980 2351 1097 2430 longius
1123 2350 1239 2413 remoto
1267 2354 1348 2454 caqi-

127 2438 267 2499 tantibus.
290 2435 413 2496 Callatis
435 2444 544 2510 autem,
566 2455 642 2513 quae
663 2437 751 2497 variis
773 2435 819 2496 his
841 2435 996 2499 sententiis
1011 2435 1126 2509 lavent,
1156 2446 1349 2516 argumentis,

126 2522 336 2583 verisimillima
353 2520 438 2580 uobis
454 2539 555 2581 eorum
570 2521 632 2580 visa
653 2528 700 2581 est
720 2518 964 2593 statuendiratio,
976 2522 1026 2600 qui
1041 2519 1158 2581 Claudii
1177 2522 1348 2583 mandalum

73 2672 75 2677 ,
129 2613 161 2667 et
189 2606 272 2666 Pauli
303 2606 460 2666 adventum
488 2607 520 2665 in
550 2624 656 2665 aunum
685 2607 812 2677 eundem
841 2602 1006 2665 conferunt.
1064 2604 1140 2665 Nam
1173 2606 1231 2668 etsi
1258 2625 1348 2685 quae-
1381 2654 1384 2659 ,

129 2690 197 2751 dam
228 2696 275 2750 eat
310 2691 342 2749 in
369 2690 460 2749 verbo
487 2682 692 2776 προςφάτως
720 2690 911 2775 ambiguitas,
955 2690 1066 2769 quippe
1102 2690 1180 2768 quad
1211 2710 1267 2771 pro
1295 2711 1349 2753 ne-
1442 2712 1450 2725 f

126 2796 182 2836 xus
210 2776 354 2835 varietate
383 2795 478 2853 aeque
507 2776 546 2835 (le
567 2776 650 2835 annis
677 2774 789 2854 aliquot
818 2771 882 2855 (ita
910 2791 937 2832 v·
968 2794 998 2855 g.
1038 2772 1179 2837 2Macc,
1192 2776 1244 2849 14,
1265 2773 1346 2859 ta),

126 2880 162 2920 ac
198 2858 236 2919 de
272 2861 377 2939 exiguo
413 2859 557 2919 mensium
592 2859 640 2918 vel
676 2859 791 2920 dierum
825 2876 949 2919 numero
999 2858 1125 2938 intelligi
1158 2860 1274 2939 possit:
1311 2879 1349 2921 ex

126 2944 241 3022 vulgari
269 2950 367 3005 tamen
399 2943 541 3023 loquendi
577 2945 707 3019 ratione,
743 2946 794 3023 qui
824 2943 934 3025 plnres
961 2962 1082 3005 menses
1110 2942 1218 3006 alicubi
1254 2946 1346 3025 degit,

127 3026 245 3089 diutina
281 3029 323 3088 ibi
359 3028 509 3102 haesisse,
546 3047 606 3088 nou
628 3049 735 3091 recens
771 3027 931 3111 advenisse
958 3028 1076 3093 natur.
1143 3028 1240 3107 Quom
1275 3048 1348 3093 vero

126 3112 398 3194 Pogginius
442 3121 473 3176 et
510 3110 915 3197 Bartholdtius0)
945 3112 1095 3194 ‚Aquilam
1138 3133 1206 3174 cum
1244 3132 1347 3190 more,

116 3196 221 3275 ¹Roma
257 3198 378 3274 relicta,
421 3199 591 3279 priusquam
621 3197 794 3259 Corinthum
827 3201 994 3279 navigaret,
1033 3196 1090 3281 pe'r
1119 3196 1238 3276 aliquod
1272 3205 1347 3259 tem-

125 3280 208 3364 'poris
245 3282 372 3362 spatium
404 3284 436 3342 in
469 3283 551 3343 ltalia
590 3285 734 3345 mansisse
771 3286 972 3364 suspicantur,
1009 3282 1155 3357 eiusmodi
1189 3282 1348 3361 proferunt

127 3368 342 3440 coniecturam,
370 3388 446 3446 quae
468 3388 523 3428 nec
544 3367 645 3428 Lucae
674 3369 773 3429 verbis
801 3369 1021 3443 commendatur
1043 3364 1107 3448 (bic
1133 3367 1228 3439 enim,
1256 3386 1347 3447 quum

126 3452 194 3515 illos
216 3471 253 3511 ox
275 3451 370 3510 Italia
399 3452 519 3511 venisse
539 3461 702 3527 memoret,
730 3454 798 3531 quia
819 3453 919 3513 Roma
940 3451 1057 3529 expulsi
1084 3450 1216 3527 fuerint,
1246 3451 1347 3513 ltaliae
1430 3486 1433 3491 ·

126 3554 234 3597 nomen
263 3555 339 3609 riou,
372 3544 404 3595 ut
431 3556 542 3599 moram
570 3537 627 3595 hac
656 3538 687 3595 in
707 3536 919 3599 terrulentam
941 3534 1101 3617 indicaret,
1129 3535 1184 3595 sed
1206 3536 1347 3598 orationis

127 3620 283 3681 variandae
306 3639 394 3680 causa
415 3623 553 3699 posuisse
574 3618 722 3701 videtur),
755 3640 853 3699 neque
883 3626 963 3681 stare
992 3627 1093 3700 potest
1120 3639 1188 3681 cum
1217 3640 1253 3681 ea
1279 3640 1347 3682 sen-

125 3707 238 3779 tentia,
270 3723 346 3784 quae
376 3705 505 3764 omnium
537 3705 664 3764 maxime
693 3706 857 3784 probabilis
880 3717 941 3778 est,
973 3724 1031 3764 non
1053 3706 1104 3765 dio
1124 3705 1253 3767 valuisse
1274 3706 1348 3765 illud

125 3790 314 3869 imperatoris
337 3789 466 3850 edictum
489 3788 543 3870 (cf.
564 3810 595 3868 p.
619 3789 722 3869 118.);
767 3790 833 3866 quis
861 3791 940 3850 enim
962 3789 1098 3868 Aquilam
1120 3796 1152 3850 et
1171 3790 1345 3867 Priscillam,

125 3876 153 3935 si
189 3875 321 3949 ludaeis,
359 3882 514 3954 autequam
551 3874 611 3953 ipsi
646 3872 992 3947 solverent·,''redenndi
1027 3875 1114 3957 capia
1148 3874 1228 3937 lacta
1257 3883 1348 3950 esset,

127 3957 302 4019 Corinthum
344 3961 465 4039 potins,
507 3978 593 4038 quam
628 3957 752 4029 Romam
796 3960 920 4040 petiisse
956 3958 1145 4022 crediderit‘l
1187 3960 1232 4021 Ac
1269 3960 1348 4039 quod

126 4040 459 4119 bertholdtiusel
481 4044 579 4117 addit,
600 4043 650 4103 illa
672 4052 771 4105 aetate
791 4050 823 4104 at
843 4046 939 4105 lentas
960 4044 1058 4106 luisse
1077 4044 1296 4123 navigationes,
1318 4050 1350 4105 ct

126 4129 175 4201 iis,
199 4128 250 4205 qui
268 4129 326 4190 iter
346 4129 525 4187 maritimum
553 4130 721 4206 suscepturi
742 4128 879 4201 inissent,
906 4129 1026 4205 saepius
1047 4127 1127 4187 baud
1140 4144 1271 4205 parvum
1291 4148 1348 4209 per

126 4274 326 4290 aa*
342 4292 347 4300 Ι

193 4367 287 4421 neret,
314 4375 368 4426 quo
397 4358 508 4429 quidam
533 4357 577 4410 clia
604 4376 699 4427 azyma
726 4377 751 4411 a.
768 4363 810 4412 bt.
839 4377 888 4411 nec
905 4359 1117 4429 Hierosolymis.
1142 4378 1192 4413 nac
1215 4360 1348 4431 Philippis
1377 4372 1381 4379 '

156 4424 160 4431 '
193 4435 390 4508 peractarum.
481 4426 510 4494 ο)
533 4426 794 4495 Pogginiua
828 4427 1348 4481 inexerciaaderomanon.1’etri

193 4494 290 4559 stinere
309 4504 337 4547 et
354 4496 527 4566 episcopatu,
560 4510 589 4566 p.
609 4499 666 4549 12¹³.
689 4494 748 4575 (cit.
765 4494 922 4563 Mynstero,
940 4494 1080 4549 timeon
1096 4494 1218 4562 Sabiten,
1236 4514 1264 4566 p.
1277 4495 1347 4561 151.)

193 4561 244 4612 Be
262 4560 543 4614 stholdtiua
571 4562 589 4616 l.
615 4578 637 4614 c.
666 4558 748 4633 Η).
767 4567 835 4615 2723
851 4580 892 4634 sq.
991 4562 1111 4634 p)1.aeo
1133 4563 1222 4629 ¹m'otio
1250 4562 1347 4615 allato.

1077 4632 1145 4695 ΗΞ
