<?xml version="1.0" encoding="UTF-8"?>
<!DOCTYPE html PUBLIC "-//W3C//DTD XHTML 1.0 Transitional//EN"
    "http://www.w3.org/TR/xhtml1/DTD/xhtml1-transitional.dtd">
<html xmlns="http://www.w3.org/1999/xhtml" xml:lang="en" lang="en">
 <head>
  <title>
</title>
<meta http-equiv="Content-Type" content="text/html;charset=utf-8" />
  <meta name='ocr-system' content='tesseract 3.04.00' />
  <meta name='ocr-capabilities' content='ocr_page ocr_carea ocr_par ocr_line ocrx_word'/>
</head>
<body>
  <div class='ocr_page' id='page_1' title='image "./detemporuminact00angegoog_0215.png"; bbox 0 0 2956 5168; ppageno 0'>
   <div class='ocr_carea' id='block_1_1' title="bbox 1153 130 1268 247">
    <p class='ocr_par' dir='ltr' id='par_1_1' title="bbox 1153 130 1268 247">
     <span class='ocr_line' id='line_1_1' title="bbox 1153 130 1268 247; baseline -0.035 -20"><span class='ocrx_word' id='word_1_1' title='bbox 1153 130 1207 247; x_wconf 65' lang='lat' dir='ltr'><strong>iq</strong></span> <span class='ocrx_word' id='word_1_2' title='bbox 1263 204 1268 223; x_wconf 80' lang='grc'><strong>.</strong></span> 
     </span>
    </p>
   </div>
   <div class='ocr_carea' id='block_1_2' title="bbox 91 252 996 333">
    <p class='ocr_par' dir='ltr' id='par_1_2' title="bbox 91 252 996 333">
     <span class='ocr_line' id='line_1_2' title="bbox 91 252 996 333; baseline -0.006 -14"><span class='ocrx_word' id='word_1_3' title='bbox 91 258 154 322; x_wconf 80' lang='grc'><strong>188</strong></span> <span class='ocrx_word' id='word_1_4' title='bbox 347 289 379 303; x_wconf 45' lang='grc' dir='ltr'><strong>»κ</strong></span> <span class='ocrx_word' id='word_1_5' title='bbox 416 253 609 318; x_wconf 66' lang='lat' dir='ltr'><strong>avoncurt</strong></span> <span class='ocrx_word' id='word_1_6' title='bbox 632 252 690 315; x_wconf 81' lang='grc' dir='ltr'><strong>ΕΤ</strong></span> <span class='ocrx_word' id='word_1_7' title='bbox 714 252 996 333; x_wconf 75' lang='lat' dir='ltr'><strong>GORRIGENDA.</strong></span> 
     </span>
    </p>
   </div>
   <div class='ocr_carea' id='block_1_3' title="bbox 4 418 1328 1035">
    <p class='ocr_par' dir='ltr' id='par_1_3' title="bbox 4 418 1328 1035">
     <span class='ocr_line' id='line_1_3' title="bbox 4 418 1328 493; baseline -0.001 -14"><span class='ocrx_word' id='word_1_8' title='bbox 4 477 9 485; x_wconf 19' lang='grc' dir='ltr'>ι</span> <span class='ocrx_word' id='word_1_9' title='bbox 92 445 154 479; x_wconf 89' lang='lat' dir='ltr'><strong>cum</strong></span> <span class='ocrx_word' id='word_1_10' title='bbox 179 422 328 486; x_wconf 80' lang='lat' dir='ltr'>consentit,</span> <span class='ocrx_word' id='word_1_11' title='bbox 357 422 431 492; x_wconf 88' lang='lat' dir='ltr'><strong>quod</strong></span> <span class='ocrx_word' id='word_1_12' title='bbox 455 433 483 474; x_wconf 90' lang='lat' dir='ltr'><strong>et</strong></span> <span class='ocrx_word' id='word_1_13' title='bbox 509 433 651 492; x_wconf 85' lang='lat' dir='ltr'><strong>antequam</strong></span> <span class='ocrx_word' id='word_1_14' title='bbox 672 422 796 493; x_wconf 79' lang='lat' dir='ltr'><strong>Agrippa</strong></span> <span class='ocrx_word' id='word_1_15' title='bbox 812 424 844 475; x_wconf 90' lang='lat'><strong>11.</strong></span> <span class='ocrx_word' id='word_1_16' title='bbox 874 418 1012 474; x_wconf 74' lang='lat' dir='ltr'><strong>Chalcidis</strong></span> <span class='ocrx_word' id='word_1_17' title='bbox 1040 439 1088 474; x_wconf 80' lang='lat' dir='ltr'><strong>rex</strong></span> <span class='ocrx_word' id='word_1_18' title='bbox 1111 423 1147 474; x_wconf 81' lang='lat' dir='ltr'><strong>sit</strong></span> <span class='ocrx_word' id='word_1_19' title='bbox 1162 424 1328 478; x_wconf 83' lang='lat' dir='ltr'><strong>constitutus</strong></span> 
     </span>
     <span class='ocr_line' id='line_1_4' title="bbox 94 488 1326 563; baseline -0.001 -18"><span class='ocrx_word' id='word_1_20' title='bbox 94 495 196 563; x_wconf 86' lang='lat' dir='ltr'><strong>(minus</strong></span> <span class='ocrx_word' id='word_1_21' title='bbox 212 502 286 544; x_wconf 88' lang='lat' dir='ltr'><strong>recte</strong></span> <span class='ocrx_word' id='word_1_22' title='bbox 304 509 327 543; x_wconf 86' lang='lat' dir='ltr'><strong>a.</strong></span> <span class='ocrx_word' id='word_1_23' title='bbox 340 489 408 544; x_wconf 87' lang='lat' dir='ltr'><strong>dicit</strong></span> <span class='ocrx_word' id='word_1_24' title='bbox 418 493 473 558; x_wconf 83' lang='lat'><strong>48.)</strong></span> <span class='ocrx_word' id='word_1_25' title='bbox 482 528 490 558; x_wconf 91' lang='lat'><strong>,</strong></span> <span class='ocrx_word' id='word_1_26' title='bbox 509 503 536 543; x_wconf 86' lang='lat' dir='ltr'><strong>et</strong></span> <span class='ocrx_word' id='word_1_27' title='bbox 552 493 622 542; x_wconf 84' lang='lat' dir='ltr'><strong>intra</strong></span> <span class='ocrx_word' id='word_1_28' title='bbox 642 491 712 542; x_wconf 88' lang='lat' dir='ltr'><strong>illud</strong></span> <span class='ocrx_word' id='word_1_29' title='bbox 728 492 860 558; x_wconf 86' lang='lat' dir='ltr'><strong>temporis</strong></span> <span class='ocrx_word' id='word_1_30' title='bbox 877 492 1004 558; x_wconf 86' lang='lat' dir='ltr'><strong>spatium,</strong></span> <span class='ocrx_word' id='word_1_31' title='bbox 1022 508 1076 560; x_wconf 90' lang='lat' dir='ltr'><strong>quo</strong></span> <span class='ocrx_word' id='word_1_32' title='bbox 1094 489 1169 541; x_wconf 88' lang='lat' dir='ltr'><strong>idem</strong></span> <span class='ocrx_word' id='word_1_33' title='bbox 1189 488 1326 559; x_wconf 78' lang='lat' dir='ltr'><strong>effecerit,</strong></span> 
     </span>
     <span class='ocr_line' id='line_1_5' title="bbox 95 556 1325 625; baseline -0.001 -12"><span class='ocrx_word' id='word_1_34' title='bbox 95 572 126 613; x_wconf 90' lang='lat' dir='ltr'><strong>ut</strong></span> <span class='ocrx_word' id='word_1_35' title='bbox 142 560 234 612; x_wconf 87' lang='lat' dir='ltr'><strong>Iudaei</strong></span> <span class='ocrx_word' id='word_1_36' title='bbox 253 577 314 610; x_wconf 87' lang='lat' dir='ltr'><strong>oum</strong></span> <span class='ocrx_word' id='word_1_37' title='bbox 331 557 470 610; x_wconf 88' lang='lat' dir='ltr'><strong>Samaritis</strong></span> <span class='ocrx_word' id='word_1_38' title='bbox 488 577 577 611; x_wconf 87' lang='lat' dir='ltr'><strong>coram</strong></span> <span class='ocrx_word' id='word_1_39' title='bbox 588 556 704 611; x_wconf 88' lang='lat' dir='ltr'><strong>Claudio</strong></span> <span class='ocrx_word' id='word_1_40' title='bbox 722 556 915 610; x_wconf 82' lang='lat' dir='ltr'><strong>contendentes</strong></span> <span class='ocrx_word' id='word_1_41' title='bbox 934 574 1043 609; x_wconf 83' lang='lat' dir='ltr'><strong>caueam</strong></span> <span class='ocrx_word' id='word_1_42' title='bbox 1059 559 1200 611; x_wconf 75' lang='lat' dir='ltr'><strong>vincerent</strong></span> <span class='ocrx_word' id='word_1_43' title='bbox 1217 560 1257 625; x_wconf 84' lang='lat' dir='ltr'><strong>(v.</strong></span> <span class='ocrx_word' id='word_1_44' title='bbox 1274 579 1325 612; x_wconf 83' lang='lat' dir='ltr'><strong>sn-</strong></span> 
     </span>
     <span class='ocr_line' id='line_1_6' title="bbox 94 625 1327 701; baseline -0.001 -21"><span class='ocrx_word' id='word_1_45' title='bbox 94 649 145 701; x_wconf 90' lang='lat' dir='ltr'><strong>pra</strong></span> <span class='ocrx_word' id='word_1_46' title='bbox 161 648 187 698; x_wconf 92' lang='lat' dir='ltr'><strong>p.</strong></span> <span class='ocrx_word' id='word_1_47' title='bbox 208 632 267 681; x_wconf 89' lang='grc'><strong>119.</strong></span> <span class='ocrx_word' id='word_1_48' title='bbox 286 639 342 679; x_wconf 88' lang='lat' dir='ltr'><strong>not.</strong></span> <span class='ocrx_word' id='word_1_49' title='bbox 360 629 416 696; x_wconf 92' lang='lat' dir='ltr'><strong>r.),</strong></span> <span class='ocrx_word' id='word_1_50' title='bbox 433 626 547 679; x_wconf 79' lang='lat' dir='ltr'><strong>ludaeos</strong></span> <span class='ocrx_word' id='word_1_51' title='bbox 565 627 693 696; x_wconf 82' lang='lat' dir='ltr'><strong>expulsos</strong></span> <span class='ocrx_word' id='word_1_52' title='bbox 710 644 767 678; x_wconf 84' lang='lat' dir='ltr'><strong>este</strong></span> <span class='ocrx_word' id='word_1_53' title='bbox 784 636 883 694; x_wconf 73' lang='lat' dir='ltr'><strong>nagatt</strong></span> <span class='ocrx_word' id='word_1_54' title='bbox 913 627 963 677; x_wconf 90' lang='lat' dir='ltr'><strong>etsi</strong></span> <span class='ocrx_word' id='word_1_55' title='bbox 979 627 1012 676; x_wconf 88' lang='lat' dir='ltr'><strong>in</strong></span> <span class='ocrx_word' id='word_1_56' title='bbox 1029 644 1061 678; x_wconf 89' lang='lat' dir='ltr'><strong>eo</strong></span> <span class='ocrx_word' id='word_1_57' title='bbox 1079 625 1230 697; x_wconf 71' lang='lat' dir='ltr'><strong>discrepat,</strong></span> <span class='ocrx_word' id='word_1_58' title='bbox 1250 628 1327 696; x_wconf 92' lang='lat' dir='ltr'><strong>quod</strong></span> 
     </span>
     <span class='ocr_line' id='line_1_7' title="bbox 95 693 1327 765; baseline 0 -17"><span class='ocrx_word' id='word_1_59' title='bbox 95 699 199 765; x_wconf 87' lang='lat' dir='ltr'><strong>(nescio</strong></span> <span class='ocrx_word' id='word_1_60' title='bbox 219 696 281 760; x_wconf 87' lang='lat' dir='ltr'><strong>car)</strong></span> <span class='ocrx_word' id='word_1_61' title='bbox 297 708 353 748; x_wconf 84' lang='lat' dir='ltr'><strong>toto</strong></span> <span class='ocrx_word' id='word_1_62' title='bbox 375 700 508 758; x_wconf 63' lang='lat' dir='ltr'><strong>anaohd„</strong></span> <span class='ocrx_word' id='word_1_63' title='bbox 525 698 661 764; x_wconf 70' lang='lat' dir='ltr'><strong>reprimis</strong></span> <span class='ocrx_word' id='word_1_64' title='bbox 685 695 789 762; x_wconf 82' lang='lat' dir='ltr'><strong>quidem</strong></span> <span class='ocrx_word' id='word_1_65' title='bbox 809 695 938 744; x_wconf 82' lang='lat' dir='ltr'><strong>mensibus</strong></span> <span class='ocrx_word' id='word_1_66' title='bbox 961 695 1094 762; x_wconf 67' lang='lat' dir='ltr'><strong>exceptis,</strong></span> <span class='ocrx_word' id='word_1_67' title='bbox 1112 713 1171 746; x_wconf 90' lang='lat' dir='ltr'><strong>eam</strong></span> <span class='ocrx_word' id='word_1_68' title='bbox 1192 713 1251 746; x_wconf 85' lang='lat' dir='ltr'><strong>rem</strong></span> <span class='ocrx_word' id='word_1_69' title='bbox 1267 693 1327 749; x_wconf 81' lang='lat' dir='ltr'><strong>fieri</strong></span> 
     </span>
     <span class='ocr_line' id='line_1_8' title="bbox 94 761 1327 836; baseline -0.002 -19"><span class='ocrx_word' id='word_1_70' title='bbox 94 767 224 836; x_wconf 86' lang='lat' dir='ltr'><strong>potuisse,</strong></span> <span class='ocrx_word' id='word_1_71' title='bbox 244 762 424 834; x_wconf 77' lang='lat' dir='ltr'>improbabile</span> <span class='ocrx_word' id='word_1_72' title='bbox 442 761 527 814; x_wconf 91' lang='lat' dir='ltr'><strong>ducit.</strong></span> <span class='ocrx_word' id='word_1_73' title='bbox 544 791 580 804; x_wconf 92' lang='lat'>—</span> <span class='ocrx_word' id='word_1_74' title='bbox 646 764 743 830; x_wconf 65' lang='lat' dir='ltr'><strong>Art‘p.</strong></span> <span class='ocrx_word' id='word_1_75' title='bbox 757 767 817 814; x_wconf 89' lang='grc'><strong>108.</strong></span> <span class='ocrx_word' id='word_1_76' title='bbox 840 763 876 815; x_wconf 86' lang='lat' dir='ltr'><strong>in.</strong></span> <span class='ocrx_word' id='word_1_77' title='bbox 920 761 1047 829; x_wconf 87' lang='lat' dir='ltr'><strong>„Diebus</strong></span> <span class='ocrx_word' id='word_1_78' title='bbox 1065 780 1119 814; x_wconf 88' lang='lat' dir='ltr'><strong>non</strong></span> <span class='ocrx_word' id='word_1_79' title='bbox 1136 764 1226 814; x_wconf 85' lang='lat' dir='ltr'><strong>minus</strong></span> <span class='ocrx_word' id='word_1_80' title='bbox 1245 766 1327 832; x_wconf 83' lang='lat' dir='ltr'><strong>quia-</strong></span> 
     </span>
     <span class='ocr_line' id='line_1_9' title="bbox 97 829 1326 901; baseline 0.002 -18"><span class='ocrx_word' id='word_1_81' title='bbox 97 853 148 901; x_wconf 81' lang='lat' dir='ltr'><strong>que</strong></span> <span class='ocrx_word' id='word_1_82' title='bbox 171 834 279 901; x_wconf 83' lang='lat' dir='ltr'><strong>Tyrum</strong></span> <span class='ocrx_word' id='word_1_83' title='bbox 297 834 464 900; x_wconf 81' lang='lat' dir='ltr'><strong>navigavit.“</strong></span> <span class='ocrx_word' id='word_1_84' title='bbox 511 831 641 883; x_wconf 83' lang='lat' dir='ltr'><strong>Straho</strong></span> <span class='ocrx_word' id='word_1_85' title='bbox 665 831 698 898; x_wconf 91' lang='grc'><strong>(1.</strong></span> <span class='ocrx_word' id='word_1_86' title='bbox 717 832 755 886; x_wconf 85' lang='lat' dir='ltr'><strong>X.</strong></span> <span class='ocrx_word' id='word_1_87' title='bbox 773 849 802 900; x_wconf 86' lang='lat' dir='ltr'><strong>p.</strong></span> <span class='ocrx_word' id='word_1_88' title='bbox 819 832 892 897; x_wconf 84' lang='grc'><strong>415.)</strong></span> <span class='ocrx_word' id='word_1_89' title='bbox 922 829 1097 894; x_wconf 84' lang='lat' dir='ltr'><strong>Sammonio,</strong></span> <span class='ocrx_word' id='word_1_90' title='bbox 1128 830 1205 897; x_wconf 89' lang='lat' dir='ltr'><strong>quod</strong></span> <span class='ocrx_word' id='word_1_91' title='bbox 1228 829 1326 885; x_wconf 85' lang='lat' dir='ltr'><strong>Cretae</strong></span> 
     </span>
     <span class='ocr_line' id='line_1_10' title="bbox 95 897 1327 970; baseline -0.003 -19"><span class='ocrx_word' id='word_1_92' title='bbox 95 903 309 970; x_wconf 83' lang='lat' dir='ltr'><strong>promontorium</strong></span> <span class='ocrx_word' id='word_1_93' title='bbox 327 911 382 965; x_wconf 88' lang='lat' dir='ltr'><strong>eet,</strong></span> <span class='ocrx_word' id='word_1_94' title='bbox 400 897 548 950; x_wconf 88' lang='lat' dir='ltr'><strong>secundum</strong></span> <span class='ocrx_word' id='word_1_95' title='bbox 566 899 634 951; x_wconf 89' lang='lat' dir='ltr'><strong>alios</strong></span> <span class='ocrx_word' id='word_1_96' title='bbox 651 903 761 968; x_wconf 83' lang='lat' dir='ltr'><strong>quaiuar</strong></span> <span class='ocrx_word' id='word_1_97' title='bbox 784 899 873 948; x_wconf 74' lang='lat' dir='ltr'><strong>diehm</strong></span> <span class='ocrx_word' id='word_1_98' title='bbox 891 899 1051 966; x_wconf 81' lang='lat' dir='ltr'><strong>totidemque</strong></span> <span class='ocrx_word' id='word_1_99' title='bbox 1075 900 1204 962; x_wconf 84' lang='lat' dir='ltr'><strong>noctibus,</strong></span> <span class='ocrx_word' id='word_1_100' title='bbox 1224 917 1327 952; x_wconf 85' lang='lat' dir='ltr'><strong>secan-</strong></span> 
     </span>
     <span class='ocr_line' id='line_1_11' title="bbox 96 964 1328 1035; baseline 0.001 -17"><span class='ocrx_word' id='word_1_101' title='bbox 96 967 163 1019; x_wconf 90' lang='lat' dir='ltr'><strong>dum</strong></span> <span class='ocrx_word' id='word_1_102' title='bbox 189 968 256 1020; x_wconf 85' lang='lat' dir='ltr'><strong>alios</strong></span> <span class='ocrx_word' id='word_1_103' title='bbox 283 967 374 1035; x_wconf 82' lang='lat' dir='ltr'><strong>(haud</strong></span> <span class='ocrx_word' id='word_1_104' title='bbox 395 966 479 1018; x_wconf 85' lang='lat' dir='ltr'><strong>dahis</strong></span> <span class='ocrx_word' id='word_1_105' title='bbox 508 984 586 1018; x_wconf 86' lang='lat' dir='ltr'><strong>cursu</strong></span> <span class='ocrx_word' id='word_1_106' title='bbox 610 969 726 1018; x_wconf 83' lang='lat' dir='ltr'><strong>maxime</strong></span> <span class='ocrx_word' id='word_1_107' title='bbox 748 964 895 1032; x_wconf 82' lang='lat' dir='ltr'><strong>festinato)</strong></span> <span class='ocrx_word' id='word_1_108' title='bbox 926 966 1009 1016; x_wconf 80' lang='lat' dir='ltr'><strong>tribua</strong></span> <span class='ocrx_word' id='word_1_109' title='bbox 1033 969 1098 1018; x_wconf 82' lang='lat' dir='ltr'><strong>adca</strong></span> <span class='ocrx_word' id='word_1_110' title='bbox 1121 977 1146 1018; x_wconf 78' lang='lat' dir='ltr'><strong>et</strong></span> <span class='ocrx_word' id='word_1_111' title='bbox 1176 968 1269 1018; x_wconf 82' lang='lat' dir='ltr'><strong>diebus</strong></span> <span class='ocrx_word' id='word_1_112' title='bbox 1303 981 1328 1020; x_wconf 85' lang='lat' dir='ltr'><strong>et</strong></span> 
     </span>
    </p>
   </div>
   <div class='ocr_carea' id='block_1_4' title="bbox 17 1032 1325 1105">
    <p class='ocr_par' dir='ltr' id='par_1_4' title="bbox 17 1032 1325 1105">
     <span class='ocr_line' id='line_1_12' title="bbox 17 1032 1325 1105; baseline 0 -18"><span class='ocrx_word' id='word_1_113' title='bbox 17 1038 19 1043; x_wconf 57' lang='lat'><strong>⁴</strong></span> <span class='ocrx_word' id='word_1_114' title='bbox 97 1037 216 1087; x_wconf 83' lang='lat' dir='ltr'><strong>noctibus</strong></span> <span class='ocrx_word' id='word_1_115' title='bbox 237 1038 266 1086; x_wconf 90' lang='lat' dir='ltr'><strong>in</strong></span> <span class='ocrx_word' id='word_1_116' title='bbox 282 1040 435 1105; x_wconf 83' lang='lat' dir='ltr'><strong>Aegyptum</strong></span> <span class='ocrx_word' id='word_1_117' title='bbox 452 1034 671 1103; x_wconf 77' lang='lat' dir='ltr'>(Alexandriam)</span> <span class='ocrx_word' id='word_1_118' title='bbox 689 1035 822 1104; x_wconf 79' lang='lat' dir='ltr'><strong>perveniri</strong></span> <span class='ocrx_word' id='word_1_119' title='bbox 839 1035 958 1104; x_wconf 86' lang='lat' dir='ltr'><strong>potuisse</strong></span> <span class='ocrx_word' id='word_1_120' title='bbox 974 1033 1070 1086; x_wconf 87' lang='lat' dir='ltr'><strong>tradit.</strong></span> <span class='ocrx_word' id='word_1_121' title='bbox 1094 1032 1204 1087; x_wconf 89' lang='lat' dir='ltr'><strong>Collato</strong></span> <span class='ocrx_word' id='word_1_122' title='bbox 1223 1048 1325 1101; x_wconf 85' lang='lat' dir='ltr'><strong>autem,</strong></span> 
     </span>
    </p>
   </div>
   <div class='ocr_carea' id='block_1_5' title="bbox 56 1102 1327 1649">
    <p class='ocr_par' dir='ltr' id='par_1_5' title="bbox 56 1102 1327 1649">
     <span class='ocr_line' id='line_1_13' title="bbox 98 1102 1326 1173; baseline -0.002 -17"><span class='ocrx_word' id='word_1_123' title='bbox 98 1102 173 1173; x_wconf 90' lang='lat' dir='ltr'><strong>quod</strong></span> <span class='ocrx_word' id='word_1_124' title='bbox 189 1106 260 1155; x_wconf 87' lang='lat' dir='ltr'><strong>inter</strong></span> <span class='ocrx_word' id='word_1_125' title='bbox 275 1103 461 1155; x_wconf 86' lang='lat' dir='ltr'><strong>Sammonium</strong></span> <span class='ocrx_word' id='word_1_126' title='bbox 485 1115 512 1154; x_wconf 90' lang='lat' dir='ltr'><strong>et</strong></span> <span class='ocrx_word' id='word_1_127' title='bbox 527 1102 703 1173; x_wconf 79' lang='lat' dir='ltr'><strong>Aegyptum,</strong></span> <span class='ocrx_word' id='word_1_128' title='bbox 734 1114 762 1153; x_wconf 92' lang='lat' dir='ltr'><strong>et</strong></span> <span class='ocrx_word' id='word_1_129' title='bbox 791 1102 866 1170; x_wconf 91' lang='lat' dir='ltr'><strong>quod</strong></span> <span class='ocrx_word' id='word_1_130' title='bbox 888 1104 987 1153; x_wconf 81' lang='lat' dir='ltr'><strong>Patara</strong></span> <span class='ocrx_word' id='word_1_131' title='bbox 1014 1104 1085 1154; x_wconf 87' lang='lat' dir='ltr'><strong>inter</strong></span> <span class='ocrx_word' id='word_1_132' title='bbox 1109 1114 1193 1172; x_wconf 87' lang='lat' dir='ltr'><strong>atque</strong></span> <span class='ocrx_word' id='word_1_133' title='bbox 1219 1105 1326 1173; x_wconf 79' lang='lat' dir='ltr'><strong>Tyrum</strong></span> 
     </span>
     <span class='ocr_line' id='line_1_14' title="bbox 97 1170 1326 1242; baseline -0.001 -19"><span class='ocrx_word' id='word_1_134' title='bbox 97 1175 217 1242; x_wconf 79' lang='lat' dir='ltr'><strong>positum</strong></span> <span class='ocrx_word' id='word_1_135' title='bbox 234 1182 283 1237; x_wconf 84' lang='lat' dir='ltr'><strong>est,</strong></span> <span class='ocrx_word' id='word_1_136' title='bbox 300 1170 540 1242; x_wconf 83' lang='lat' dir='ltr'><strong>epatio,·Paulum,</strong></span> <span class='ocrx_word' id='word_1_137' title='bbox 558 1173 582 1220; x_wconf 85' lang='lat' dir='ltr'><strong>ei</strong></span> <span class='ocrx_word' id='word_1_138' title='bbox 601 1171 774 1239; x_wconf 80' lang='lat' dir='ltr'><strong>navigatione</strong></span> <span class='ocrx_word' id='word_1_139' title='bbox 790 1189 852 1222; x_wconf 80' lang='lat' dir='ltr'><strong>usas</strong></span> <span class='ocrx_word' id='word_1_140' title='bbox 875 1181 942 1219; x_wconf 84' lang='lat' dir='ltr'><strong>esset</strong></span> <span class='ocrx_word' id='word_1_141' title='bbox 964 1172 1078 1221; x_wconf 83' lang='lat' dir='ltr'><strong>maxime</strong></span> <span class='ocrx_word' id='word_1_142' title='bbox 1099 1173 1232 1236; x_wconf 72' lang='lat' dir='ltr'><strong>armanda,</strong></span> <span class='ocrx_word' id='word_1_143' title='bbox 1257 1191 1326 1240; x_wconf 82' lang='lat' dir='ltr'><strong>qua-</strong></span> 
     </span>
     <span class='ocr_line' id='line_1_15' title="bbox 56 1238 1327 1308; baseline 0.002 -19"><span class='ocrx_word' id='word_1_144' title='bbox 56 1292 59 1303; x_wconf 50' lang='lat'><strong>,</strong></span> <span class='ocrx_word' id='word_1_145' title='bbox 97 1251 159 1290; x_wconf 82' lang='lat' dir='ltr'><strong>tuor</strong></span> <span class='ocrx_word' id='word_1_146' title='bbox 180 1239 269 1290; x_wconf 78' lang='lat' dir='ltr'><strong>diebus</strong></span> <span class='ocrx_word' id='word_1_147' title='bbox 292 1240 460 1308; x_wconf 71' lang='lat' dir='ltr'><strong>noctihusque</strong></span> <span class='ocrx_word' id='word_1_148' title='bbox 482 1240 589 1290; x_wconf 80' lang='lat' dir='ltr'><strong>totidem</strong></span> <span class='ocrx_word' id='word_1_149' title='bbox 609 1240 635 1288; x_wconf 88' lang='lat' dir='ltr'>T</span> <span class='ocrx_word' id='word_1_150' title='bbox 636 1257 717 1308; x_wconf 74' lang='lat' dir='ltr'><strong>yrum</strong></span> <span class='ocrx_word' id='word_1_151' title='bbox 733 1239 825 1290; x_wconf 77' lang='lat' dir='ltr'><strong>venire</strong></span> <span class='ocrx_word' id='word_1_152' title='bbox 846 1240 977 1307; x_wconf 83' lang='lat' dir='ltr'><strong>potuisse,</strong></span> <span class='ocrx_word' id='word_1_153' title='bbox 1007 1238 1176 1304; x_wconf 84' lang='lat' dir='ltr'><strong>intelligitur.</strong></span> <span class='ocrx_word' id='word_1_154' title='bbox 1234 1241 1327 1308; x_wconf 89' lang='lat' dir='ltr'><strong>ltaque</strong></span> 
     </span>
     <span class='ocr_line' id='line_1_16' title="bbox 100 1306 1324 1376; baseline 0.002 -19"><span class='ocrx_word' id='word_1_155' title='bbox 100 1307 252 1358; x_wconf 82' lang='lat' dir='ltr'><strong>Caesaream</strong></span> <span class='ocrx_word' id='word_1_156' title='bbox 276 1309 319 1357; x_wconf 89' lang='lat' dir='ltr'><strong>die</strong></span> <span class='ocrx_word' id='word_1_157' title='bbox 338 1317 401 1375; x_wconf 85' lang='lat' dir='ltr'><strong>post</strong></span> <span class='ocrx_word' id='word_1_158' title='bbox 426 1308 554 1357; x_wconf 77' lang='lat' dir='ltr'><strong>Troadem</strong></span> <span class='ocrx_word' id='word_1_159' title='bbox 575 1308 691 1358; x_wconf 79' lang='lat' dir='ltr'><strong>relictam</strong></span> <span class='ocrx_word' id='word_1_160' title='bbox 713 1311 755 1358; x_wconf 71' lang='lat'><strong>22.</strong></span> <span class='ocrx_word' id='word_1_161' title='bbox 777 1307 877 1356; x_wconf 82' lang='lat' dir='ltr'><strong>intrare</strong></span> <span class='ocrx_word' id='word_1_162' title='bbox 898 1317 1023 1374; x_wconf 60' lang='lat' dir='ltr'><strong>poteram</strong></span> <span class='ocrx_word' id='word_1_163' title='bbox 1047 1306 1120 1358; x_wconf 83' lang='lat' dir='ltr'><strong>unde</strong></span> <span class='ocrx_word' id='word_1_164' title='bbox 1143 1307 1166 1357; x_wconf 84' lang='lat' dir='ltr'><strong>si</strong></span> <span class='ocrx_word' id='word_1_165' title='bbox 1193 1319 1259 1376; x_wconf 86' lang='lat' dir='ltr'><strong>post</strong></span> <span class='ocrx_word' id='word_1_166' title='bbox 1275 1311 1324 1359; x_wconf 85' lang='lat' dir='ltr'><strong>tri-</strong></span> 
     </span>
     <span class='ocr_line' id='line_1_17' title="bbox 99 1373 1320 1445; baseline 0.002 -20"><span class='ocrx_word' id='word_1_167' title='bbox 99 1374 183 1426; x_wconf 86' lang='lat' dir='ltr'><strong>duum</strong></span> <span class='ocrx_word' id='word_1_168' title='bbox 200 1375 332 1444; x_wconf 80' lang='lat' dir='ltr'><strong>digressus</strong></span> <span class='ocrx_word' id='word_1_169' title='bbox 350 1386 428 1440; x_wconf 87' lang='lat' dir='ltr'><strong>esset,</strong></span> <span class='ocrx_word' id='word_1_170' title='bbox 448 1374 558 1425; x_wconf 84' lang='lat' dir='ltr'><strong>Veneris</strong></span> <span class='ocrx_word' id='word_1_171' title='bbox 572 1375 617 1426; x_wconf 86' lang='lat' dir='ltr'><strong>dia</strong></span> <span class='ocrx_word' id='word_1_172' title='bbox 634 1375 753 1426; x_wconf 87' lang='lat' dir='ltr'><strong>abiisset.</strong></span> <span class='ocrx_word' id='word_1_173' title='bbox 789 1373 877 1445; x_wconf 80' lang='lat' dir='ltr'><strong>Quum</strong></span> <span class='ocrx_word' id='word_1_174' title='bbox 894 1392 958 1424; x_wconf 76' lang='lat' dir='ltr'><strong>vero</strong></span> <span class='ocrx_word' id='word_1_175' title='bbox 976 1377 1116 1444; x_wconf 85' lang='lat' dir='ltr'><strong>proximus</strong></span> <span class='ocrx_word' id='word_1_176' title='bbox 1134 1392 1251 1443; x_wconf 89' lang='lat' dir='ltr'><strong>quoqne</strong></span> <span class='ocrx_word' id='word_1_177' title='bbox 1268 1375 1320 1427; x_wconf 87' lang='lat' dir='ltr'><strong>dies</strong></span> 
     </span>
     <span class='ocr_line' id='line_1_18' title="bbox 98 1441 1324 1512; baseline 0 -18"><span class='ocrx_word' id='word_1_178' title='bbox 98 1444 311 1512; x_wconf 74' lang='lat' dir='ltr'><strong>peregrinationi</strong></span> <span class='ocrx_word' id='word_1_179' title='bbox 328 1443 432 1496; x_wconf 87' lang='lat' dir='ltr'><strong>Hieros.</strong></span> <span class='ocrx_word' id='word_1_180' title='bbox 448 1442 646 1512; x_wconf 87' lang='lat' dir='ltr'><strong>impendendus</strong></span> <span class='ocrx_word' id='word_1_181' title='bbox 664 1453 741 1502; x_wconf 85' lang='lat' dir='ltr'><strong>esset,</strong></span> <span class='ocrx_word' id='word_1_182' title='bbox 759 1458 846 1507; x_wconf 89' lang='lat' dir='ltr'><strong>neque</strong></span> <span class='ocrx_word' id='word_1_183' title='bbox 864 1453 952 1493; x_wconf 86' lang='lat' dir='ltr'><strong>tamen</strong></span> <span class='ocrx_word' id='word_1_184' title='bbox 969 1441 1082 1493; x_wconf 87' lang='lat' dir='ltr'><strong>sahhato</strong></span> <span class='ocrx_word' id='word_1_185' title='bbox 1102 1442 1203 1493; x_wconf 84' lang='lat' dir='ltr'><strong>l&#39;aulua</strong></span> <span class='ocrx_word' id='word_1_186' title='bbox 1221 1454 1324 1494; x_wconf 85' lang='lat' dir='ltr'><strong>tantum</strong></span> 
     </span>
     <span class='ocr_line' id='line_1_19' title="bbox 60 1509 1326 1580; baseline 0.002 -20"><span class='ocrx_word' id='word_1_187' title='bbox 60 1541 62 1545; x_wconf 35' lang='grc' dir='ltr'><em>ν</em></span> <span class='ocrx_word' id='word_1_188' title='bbox 98 1513 151 1563; x_wconf 88' lang='lat' dir='ltr'><strong>iter</strong></span> <span class='ocrx_word' id='word_1_189' title='bbox 172 1511 268 1563; x_wconf 83' lang='lat' dir='ltr'><strong>iecisse</strong></span> <span class='ocrx_word' id='word_1_190' title='bbox 292 1509 483 1562; x_wconf 76' lang='lat' dir='ltr'><strong>existimandus</strong></span> <span class='ocrx_word' id='word_1_191' title='bbox 507 1512 560 1562; x_wconf 82' lang='lat' dir='ltr'><strong>sit:</strong></span> <span class='ocrx_word' id='word_1_192' title='bbox 589 1510 671 1562; x_wconf 85' lang='lat' dir='ltr'><strong>facile</strong></span> <span class='ocrx_word' id='word_1_193' title='bbox 687 1522 812 1580; x_wconf 84' lang='lat' dir='ltr'><strong>apparet,</strong></span> <span class='ocrx_word' id='word_1_194' title='bbox 841 1528 875 1561; x_wconf 90' lang='lat' dir='ltr'><strong>ns</strong></span> <span class='ocrx_word' id='word_1_195' title='bbox 898 1511 937 1561; x_wconf 83' lang='lat' dir='ltr'><strong>sio</strong></span> <span class='ocrx_word' id='word_1_196' title='bbox 963 1509 1248 1580; x_wconf 75' lang='lat' dir='ltr'><strong>quidemapostolum</strong></span> <span class='ocrx_word' id='word_1_197' title='bbox 1258 1523 1326 1576; x_wconf 75' lang='lat' dir='ltr'><strong>ante</strong></span> 
     </span>
     <span class='ocr_line' id='line_1_20' title="bbox 100 1577 1127 1649; baseline 0.001 -20"><span class='ocrx_word' id='word_1_198' title='bbox 100 1577 172 1631; x_wconf 88' lang='lat' dir='ltr'><strong>diem</strong></span> <span class='ocrx_word' id='word_1_199' title='bbox 201 1590 263 1649; x_wconf 90' lang='lat' dir='ltr'><strong>post</strong></span> <span class='ocrx_word' id='word_1_200' title='bbox 285 1578 431 1643; x_wconf 53' lang='lat' dir='ltr'><strong>&amp;cessum</strong></span> <span class='ocrx_word' id='word_1_201' title='bbox 455 1597 491 1631; x_wconf 83' lang='lat' dir='ltr'><strong>ex</strong></span> <span class='ocrx_word' id='word_1_202' title='bbox 507 1578 617 1632; x_wconf 85' lang='lat' dir='ltr'><strong>Troade</strong></span> <span class='ocrx_word' id='word_1_203' title='bbox 635 1583 678 1632; x_wconf 79' lang='lat'><strong>28.</strong></span> <span class='ocrx_word' id='word_1_204' title='bbox 702 1577 860 1633; x_wconf 71' lang='lat' dir='ltr'><strong>Caesaream</strong></span> <span class='ocrx_word' id='word_1_205' title='bbox 876 1578 1029 1646; x_wconf 73' lang='lat' dir='ltr'><strong>reliquisse.</strong></span> <span class='ocrx_word' id='word_1_206' title='bbox 1125 1584 1127 1588; x_wconf 82' lang='grc'>’</span> 
     </span>
    </p>
   </div>
   <div class='ocr_carea' id='block_1_6' title="bbox 455 1813 893 1891">
    <p class='ocr_par' dir='ltr' id='par_1_6' title="bbox 455 1813 893 1891">
     <span class='ocr_line' id='line_1_21' title="bbox 455 1813 893 1891; baseline -0.011 -10"><span class='ocrx_word' id='word_1_207' title='bbox 455 1879 460 1891; x_wconf 82' lang='grc'><strong>,</strong></span> <span class='ocrx_word' id='word_1_208' title='bbox 528 1816 603 1881; x_wconf 85' lang='grc' dir='ltr'><strong>ΑΙ)</strong></span> <span class='ocrx_word' id='word_1_209' title='bbox 658 1816 788 1881; x_wconf 76' lang='grc' dir='ltr'><strong>ΟΑΡ.</strong></span> <span class='ocrx_word' id='word_1_210' title='bbox 831 1813 893 1881; x_wconf 85' lang='lat' dir='ltr'><strong>lv.</strong></span> 
     </span>
    </p>
   </div>
   <div class='ocr_carea' id='block_1_7' title="bbox 38 1985 1373 3348">
    <p class='ocr_par' dir='ltr' id='par_1_7' title="bbox 38 1985 1373 2803">
     <span class='ocr_line' id='line_1_22' title="bbox 166 1985 1325 2058; baseline 0.002 -22"><span class='ocrx_word' id='word_1_211' title='bbox 166 1986 219 2036; x_wconf 76' lang='lat' dir='ltr'><strong>Aa</strong></span> <span class='ocrx_word' id='word_1_212' title='bbox 237 2004 263 2052; x_wconf 90' lang='lat' dir='ltr'><strong>p.</strong></span> <span class='ocrx_word' id='word_1_213' title='bbox 277 1989 335 2038; x_wconf 76' lang='lat'><strong>126.</strong></span> <span class='ocrx_word' id='word_1_214' title='bbox 362 1986 405 2040; x_wconf 81' lang='lat' dir='ltr'><strong>in.</strong></span> <span class='ocrx_word' id='word_1_215' title='bbox 438 1985 483 2038; x_wconf 88' lang='lat' dir='ltr'><strong>De</strong></span> <span class='ocrx_word' id='word_1_216' title='bbox 499 1986 596 2038; x_wconf 88' lang='lat' dir='ltr'><strong>itinere</strong></span> <span class='ocrx_word' id='word_1_217' title='bbox 613 1985 726 2056; x_wconf 83' lang='lat' dir='ltr'><strong>Syriaco</strong></span> <span class='ocrx_word' id='word_1_218' title='bbox 744 1986 803 2039; x_wconf 86' lang='lat' dir='ltr'><strong>Gal.</strong></span> <span class='ocrx_word' id='word_1_219' title='bbox 822 1989 906 2050; x_wconf 82' lang='lat'><strong>1,21.</strong></span> <span class='ocrx_word' id='word_1_220' title='bbox 925 1995 1074 2038; x_wconf 89' lang='lat' dir='ltr'><strong>memorato</strong></span> <span class='ocrx_word' id='word_1_221' title='bbox 1097 1985 1201 2054; x_wconf 87' lang='lat' dir='ltr'><strong>optime</strong></span> <span class='ocrx_word' id='word_1_222' title='bbox 1222 1988 1325 2058; x_wconf 81' lang='lat' dir='ltr'><strong>-Kop-</strong></span> 
     </span>
     <span class='ocr_line' id='line_1_23' title="bbox 98 2053 1325 2132; baseline 0.002 -28"><span class='ocrx_word' id='word_1_223' title='bbox 98 2055 180 2124; x_wconf 89' lang='lat' dir='ltr'><strong>pius</strong></span> <span class='ocrx_word' id='word_1_224' title='bbox 193 2093 201 2121; x_wconf 88' lang='lat'><strong>,</strong></span> <span class='ocrx_word' id='word_1_225' title='bbox 216 2054 401 2118; x_wconf 82' lang='lat' dir='ltr'><strong>Winerus,</strong></span> <span class='ocrx_word' id='word_1_226' title='bbox 419 2055 651 2106; x_wconf 87' lang='lat' dir='ltr'><strong>Matthiesius</strong></span> <span class='ocrx_word' id='word_1_227' title='bbox 669 2055 764 2132; x_wconf 80' lang='lat' dir='ltr'><strong>(adl.)</strong></span> <span class='ocrx_word' id='word_1_228' title='bbox 783 2054 884 2122; x_wconf 88' lang='lat' dir='ltr'><strong>aliique</strong></span> <span class='ocrx_word' id='word_1_229' title='bbox 900 2055 939 2103; x_wconf 89' lang='lat' dir='ltr'><strong>ita</strong></span> <span class='ocrx_word' id='word_1_230' title='bbox 957 2063 1095 2106; x_wconf 82' lang='lat' dir='ltr'><strong>statuunt:</strong></span> <span class='ocrx_word' id='word_1_231' title='bbox 1112 2053 1226 2104; x_wconf 85' lang='lat' dir='ltr'><strong>Paulum</strong></span> <span class='ocrx_word' id='word_1_232' title='bbox 1240 2055 1325 2106; x_wconf 84' lang='lat' dir='ltr'><strong>Phoe-</strong></span> 
     </span>
     <span class='ocr_line' id='line_1_24' title="bbox 99 2119 1325 2191; baseline 0.002 -21"><span class='ocrx_word' id='word_1_233' title='bbox 99 2123 174 2171; x_wconf 84' lang='lat' dir='ltr'><strong>nicm</strong></span> <span class='ocrx_word' id='word_1_234' title='bbox 198 2122 238 2188; x_wconf 94' lang='lat' dir='ltr'><strong>(in</strong></span> <span class='ocrx_word' id='word_1_235' title='bbox 255 2140 308 2190; x_wconf 92' lang='lat' dir='ltr'><strong>qua</strong></span> <span class='ocrx_word' id='word_1_236' title='bbox 326 2119 457 2175; x_wconf 78' lang='lat' dir='ltr'><strong>Caesarea</strong></span> <span class='ocrx_word' id='word_1_237' title='bbox 484 2120 618 2173; x_wconf 79' lang='lat' dir='ltr'><strong>Stratonis</strong></span> <span class='ocrx_word' id='word_1_238' title='bbox 640 2124 692 2173; x_wconf 89' lang='lat' dir='ltr'><strong>sita</strong></span> <span class='ocrx_word' id='word_1_239' title='bbox 710 2129 792 2185; x_wconf 89' lang='lat' dir='ltr'><strong>erat),</strong></span> <span class='ocrx_word' id='word_1_240' title='bbox 825 2125 887 2189; x_wconf 87' lang='lat' dir='ltr'><strong>quia</strong></span> <span class='ocrx_word' id='word_1_241' title='bbox 906 2121 999 2190; x_wconf 83' lang='lat' dir='ltr'><strong>Syriae</strong></span> <span class='ocrx_word' id='word_1_242' title='bbox 1020 2139 1084 2189; x_wconf 88' lang='lat' dir='ltr'><strong>pars</strong></span> <span class='ocrx_word' id='word_1_243' title='bbox 1107 2120 1199 2172; x_wconf 87' lang='lat' dir='ltr'><strong>hahita</strong></span> <span class='ocrx_word' id='word_1_244' title='bbox 1229 2123 1269 2173; x_wconf 90' lang='lat' dir='ltr'><strong>sit</strong></span> <span class='ocrx_word' id='word_1_245' title='bbox 1291 2125 1325 2191; x_wconf 89' lang='lat'><strong>(.</strong></span> 
     </span>
     <span class='ocr_line' id='line_1_25' title="bbox 38 2187 1373 2261; baseline 0.002 -22"><span class='ocrx_word' id='word_1_246' title='bbox 38 2196 42 2201; x_wconf 80' lang='grc'><strong><em>’</em></strong></span> <span class='ocrx_word' id='word_1_247' title='bbox 99 2189 191 2243; x_wconf 86' lang='lat' dir='ltr'><strong>Strah.</strong></span> <span class='ocrx_word' id='word_1_248' title='bbox 209 2190 228 2243; x_wconf 91' lang='grc'><strong>1.</strong></span> <span class='ocrx_word' id='word_1_249' title='bbox 245 2189 322 2242; x_wconf 87' lang='lat' dir='ltr'><strong>XVI.</strong></span> <span class='ocrx_word' id='word_1_250' title='bbox 339 2209 368 2261; x_wconf 89' lang='lat' dir='ltr'><strong>p.</strong></span> <span class='ocrx_word' id='word_1_251' title='bbox 385 2189 445 2243; x_wconf 82' lang='grc'><strong>749.</strong></span> <span class='ocrx_word' id='word_1_252' title='bbox 464 2189 524 2256; x_wconf 86' lang='lat' dir='ltr'><strong>all.)</strong></span> <span class='ocrx_word' id='word_1_253' title='bbox 534 2228 543 2256; x_wconf 91' lang='lat'><strong>,</strong></span> <span class='ocrx_word' id='word_1_254' title='bbox 561 2190 651 2259; x_wconf 79' lang='lat' dir='ltr'><strong>Syriae</strong></span> <span class='ocrx_word' id='word_1_255' title='bbox 667 2189 778 2241; x_wconf 87' lang='lat' dir='ltr'><strong>nomine</strong></span> <span class='ocrx_word' id='word_1_256' title='bbox 796 2189 945 2259; x_wconf 83' lang='lat' dir='ltr'><strong>appellasse</strong></span> <span class='ocrx_word' id='word_1_257' title='bbox 963 2187 1009 2254; x_wconf 72' lang='lat' dir='ltr'><strong>(cf.</strong></span> <span class='ocrx_word' id='word_1_258' title='bbox 1028 2190 1078 2240; x_wconf 87' lang='lat' dir='ltr'><strong>Mt.</strong></span> <span class='ocrx_word' id='word_1_259' title='bbox 1097 2193 1124 2254; x_wconf 85' lang='lat'><strong>4,</strong></span> <span class='ocrx_word' id='word_1_260' title='bbox 1143 2193 1185 2242; x_wconf 81' lang='lat'><strong>24.</strong></span> <span class='ocrx_word' id='word_1_261' title='bbox 1203 2189 1268 2243; x_wconf 79' lang='lat' dir='ltr'><strong>Act.</strong></span> <span class='ocrx_word' id='word_1_262' title='bbox 1286 2196 1324 2255; x_wconf 85' lang='grc'><strong>18,</strong></span> <span class='ocrx_word' id='word_1_263' title='bbox 1370 2236 1373 2247; x_wconf 80' lang='grc'><strong>,</strong></span> 
     </span>
     <span class='ocr_line' id='line_1_26' title="bbox 100 2256 1323 2328; baseline -0.002 -18"><span class='ocrx_word' id='word_1_264' title='bbox 100 2262 141 2310; x_wconf 91' lang='grc'><strong>18.</strong></span> <span class='ocrx_word' id='word_1_265' title='bbox 158 2261 202 2310; x_wconf 78' lang='grc'><strong>22.</strong></span> <span class='ocrx_word' id='word_1_266' title='bbox 220 2262 264 2321; x_wconf 85' lang='grc'><strong>21,</strong></span> <span class='ocrx_word' id='word_1_267' title='bbox 281 2262 330 2326; x_wconf 82' lang='grc'><strong>3.).</strong></span> <span class='ocrx_word' id='word_1_268' title='bbox 358 2286 391 2298; x_wconf 91' lang='lat'>-</span> <span class='ocrx_word' id='word_1_269' title='bbox 465 2259 516 2309; x_wconf 89' lang='lat' dir='ltr'><strong>Ad</strong></span> <span class='ocrx_word' id='word_1_270' title='bbox 537 2278 565 2326; x_wconf 93' lang='lat' dir='ltr'><strong>p.</strong></span> <span class='ocrx_word' id='word_1_271' title='bbox 587 2263 644 2310; x_wconf 77' lang='lat'><strong>126.</strong></span> <span class='ocrx_word' id='word_1_272' title='bbox 673 2270 793 2327; x_wconf 71' lang='lat' dir='ltr'><strong>noa-g.</strong></span> <span class='ocrx_word' id='word_1_273' title='bbox 838 2256 920 2308; x_wconf 85' lang='lat' dir='ltr'><strong>Adde</strong></span> <span class='ocrx_word' id='word_1_274' title='bbox 943 2257 1157 2328; x_wconf 79' lang='lat' dir='ltr'><strong>Riickertum</strong></span> <span class='ocrx_word' id='word_1_275' title='bbox 1182 2257 1243 2325; x_wconf 85' lang='lat' dir='ltr'><strong>(ad</strong></span> <span class='ocrx_word' id='word_1_276' title='bbox 1267 2258 1323 2310; x_wconf 83' lang='lat' dir='ltr'><strong>Gal.</strong></span> 
     </span>
     <span class='ocr_line' id='line_1_27' title="bbox 99 2324 1324 2395; baseline 0 -19"><span class='ocrx_word' id='word_1_277' title='bbox 99 2329 327 2395; x_wconf 78' lang='lat' dir='ltr'><strong>p.54sq.).-</strong></span> <span class='ocrx_word' id='word_1_278' title='bbox 401 2327 455 2376; x_wconf 84' lang='lat' dir='ltr'><strong>Ad</strong></span> <span class='ocrx_word' id='word_1_279' title='bbox 474 2345 502 2395; x_wconf 92' lang='lat' dir='ltr'><strong>p.</strong></span> <span class='ocrx_word' id='word_1_280' title='bbox 520 2331 579 2391; x_wconf 77' lang='lat'><strong>128,</strong></span> <span class='ocrx_word' id='word_1_281' title='bbox 597 2325 618 2379; x_wconf 79' lang='lat' dir='ltr'><strong>f.</strong></span> <span class='ocrx_word' id='word_1_282' title='bbox 665 2324 811 2376; x_wconf 78' lang='lat' dir='ltr'><strong>Addantur</strong></span> <span class='ocrx_word' id='word_1_283' title='bbox 834 2325 884 2377; x_wconf 82' lang='lat' dir='ltr'><strong>W.</strong></span> <span class='ocrx_word' id='word_1_284' title='bbox 903 2326 953 2378; x_wconf 84' lang='lat' dir='ltr'><strong>Fr.</strong></span> <span class='ocrx_word' id='word_1_285' title='bbox 969 2325 1146 2376; x_wconf 89' lang='lat' dir='ltr'><strong>Rinckius</strong></span> <span class='ocrx_word' id='word_1_286' title='bbox 1178 2325 1324 2391; x_wconf 71' lang='grc' dir='ltr'><strong>((1.8ωά-</strong></span> 
     </span>
     <span class='ocr_line' id='line_1_28' title="bbox 100 2345 1323 2464; baseline 0.003 -21"><span class='ocrx_word' id='word_1_287' title='bbox 100 2393 189 2444; x_wconf 87' lang='lat' dir='ltr'><strong>schrh.</strong></span> <span class='ocrx_word' id='word_1_288' title='bbox 205 2345 236 2447; x_wconf 68' lang='lat' dir='ltr'><strong>d.</strong></span> <span class='ocrx_word' id='word_1_289' title='bbox 255 2394 320 2446; x_wconf 85' lang='lat' dir='ltr'><strong>Kor.</strong></span> <span class='ocrx_word' id='word_1_290' title='bbox 337 2412 372 2444; x_wconf 88' lang='lat' dir='ltr'><strong>an</strong></span> <span class='ocrx_word' id='word_1_291' title='bbox 389 2392 416 2445; x_wconf 93' lang='lat' dir='ltr'><strong>d.</strong></span> <span class='ocrx_word' id='word_1_292' title='bbox 433 2393 489 2464; x_wconf 83' lang='lat' dir='ltr'><strong>Ap.</strong></span> <span class='ocrx_word' id='word_1_293' title='bbox 507 2394 606 2445; x_wconf 87' lang='lat' dir='ltr'><strong>Paulus</strong></span> <span class='ocrx_word' id='word_1_294' title='bbox 625 2405 677 2444; x_wconf 89' lang='lat' dir='ltr'><strong>etc.</strong></span> <span class='ocrx_word' id='word_1_295' title='bbox 694 2413 723 2463; x_wconf 91' lang='lat' dir='ltr'><strong>p.</strong></span> <span class='ocrx_word' id='word_1_296' title='bbox 741 2398 833 2462; x_wconf 74' lang='lat' dir='ltr'><strong>loa),</strong></span> <span class='ocrx_word' id='word_1_297' title='bbox 863 2393 1060 2444; x_wconf 88' lang='lat' dir='ltr'><strong>Wurmins</strong></span> <span class='ocrx_word' id='word_1_298' title='bbox 1078 2392 1112 2460; x_wconf 92' lang='lat' dir='ltr'><strong>(l.</strong></span> <span class='ocrx_word' id='word_1_299' title='bbox 1132 2410 1156 2444; x_wconf 92' lang='lat' dir='ltr'><strong>c.</strong></span> <span class='ocrx_word' id='word_1_300' title='bbox 1174 2411 1201 2460; x_wconf 88' lang='lat' dir='ltr'><strong>p.</strong></span> <span class='ocrx_word' id='word_1_301' title='bbox 1220 2400 1323 2464; x_wconf 85' lang='lat' dir='ltr'><strong>60sqq.</strong></span> 
     </span>
     <span class='ocr_line' id='line_1_29' title="bbox 100 2459 1323 2531; baseline 0.002 -20"><span class='ocrx_word' id='word_1_302' title='bbox 100 2459 144 2512; x_wconf 90' lang='lat' dir='ltr'><strong>cll.</strong></span> <span class='ocrx_word' id='word_1_303' title='bbox 165 2461 285 2530; x_wconf 82' lang='lat' dir='ltr'><strong>Bergelii</strong></span> <span class='ocrx_word' id='word_1_304' title='bbox 303 2461 408 2529; x_wconf 78' lang='lat' dir='ltr'><strong>Archiv</strong></span> <span class='ocrx_word' id='word_1_305' title='bbox 425 2474 475 2517; x_wconf 86' lang='lat' dir='ltr'><strong>etc.</strong></span> <span class='ocrx_word' id='word_1_306' title='bbox 494 2463 554 2528; x_wconf 84' lang='lat' dir='ltr'><strong>Vll,</strong></span> <span class='ocrx_word' id='word_1_307' title='bbox 571 2468 598 2526; x_wconf 83' lang='lat'><strong>2,</strong></span> <span class='ocrx_word' id='word_1_308' title='bbox 615 2481 642 2531; x_wconf 91' lang='lat' dir='ltr'><strong>p.</strong></span> <span class='ocrx_word' id='word_1_309' title='bbox 653 2463 736 2528; x_wconf 60' lang='lat'><strong>260).</strong></span> <span class='ocrx_word' id='word_1_310' title='bbox 753 2492 788 2503; x_wconf 93' lang='lat'>-</span> <span class='ocrx_word' id='word_1_311' title='bbox 820 2462 874 2511; x_wconf 77' lang='lat' dir='ltr'><strong>Aa</strong></span> <span class='ocrx_word' id='word_1_312' title='bbox 891 2481 919 2528; x_wconf 88' lang='lat' dir='ltr'><strong>p.</strong></span> <span class='ocrx_word' id='word_1_313' title='bbox 935 2465 991 2512; x_wconf 80' lang='lat'><strong>129.</strong></span> <span class='ocrx_word' id='word_1_314' title='bbox 1010 2459 1072 2510; x_wconf 83' lang='lat' dir='ltr'><strong>lin.</strong></span> <span class='ocrx_word' id='word_1_315' title='bbox 1089 2466 1113 2513; x_wconf 92' lang='lat'><strong>4.</strong></span> <span class='ocrx_word' id='word_1_316' title='bbox 1132 2466 1175 2516; x_wconf 88' lang='lat' dir='ltr'>W</span> <span class='ocrx_word' id='word_1_317' title='bbox 1186 2481 1205 2512; x_wconf 91' lang='lat' dir='ltr'><strong>u</strong></span> <span class='ocrx_word' id='word_1_318' title='bbox 1213 2465 1280 2514; x_wconf 89' lang='lat' dir='ltr'><strong>rmi</strong></span> <span class='ocrx_word' id='word_1_319' title='bbox 1290 2481 1323 2513; x_wconf 87' lang='lat' dir='ltr'><strong>ae</strong></span> 
     </span>
     <span class='ocr_line' id='line_1_30' title="bbox 100 2529 1321 2599; baseline 0.002 -22"><span class='ocrx_word' id='word_1_320' title='bbox 100 2529 193 2593; x_wconf 89' lang='lat' dir='ltr'><strong>(cuius</strong></span> <span class='ocrx_word' id='word_1_321' title='bbox 210 2533 278 2580; x_wconf 89' lang='lat' dir='ltr'><strong>mira</strong></span> <span class='ocrx_word' id='word_1_322' title='bbox 297 2540 337 2582; x_wconf 90' lang='lat' dir='ltr'><strong>est</strong></span> <span class='ocrx_word' id='word_1_323' title='bbox 354 2530 388 2581; x_wconf 92' lang='lat' dir='ltr'><strong>de</strong></span> <span class='ocrx_word' id='word_1_324' title='bbox 405 2541 464 2582; x_wconf 89' lang='lat' dir='ltr'><strong>toto</strong></span> <span class='ocrx_word' id='word_1_325' title='bbox 481 2530 533 2582; x_wconf 91' lang='lat' dir='ltr'><strong>hoc</strong></span> <span class='ocrx_word' id='word_1_326' title='bbox 552 2531 671 2581; x_wconf 86' lang='lat' dir='ltr'><strong>chronici</strong></span> <span class='ocrx_word' id='word_1_327' title='bbox 689 2529 783 2599; x_wconf 91' lang='lat' dir='ltr'><strong>pasch.</strong></span> <span class='ocrx_word' id='word_1_328' title='bbox 801 2529 862 2580; x_wconf 86' lang='lat' dir='ltr'><strong>loco</strong></span> <span class='ocrx_word' id='word_1_329' title='bbox 881 2529 1030 2592; x_wconf 85' lang='lat' dir='ltr'><strong>sententia,</strong></span> <span class='ocrx_word' id='word_1_330' title='bbox 1069 2564 1076 2578; x_wconf 94' lang='lat'><strong>.</strong></span> <span class='ocrx_word' id='word_1_331' title='bbox 1094 2533 1229 2583; x_wconf 74' lang='lat' dir='ltr'><strong>ott-62.</strong></span> <span class='ocrx_word' id='word_1_332' title='bbox 1247 2532 1321 2597; x_wconf 79' lang='lat' dir='ltr'><strong>noa),</strong></span> 
     </span>
     <span class='ocr_line' id='line_1_31' title="bbox 71 2590 1322 2668; baseline 0.002 -23"><span class='ocrx_word' id='word_1_333' title='bbox 71 2608 75 2615; x_wconf 84' lang='grc'><strong>“</strong></span> <span class='ocrx_word' id='word_1_334' title='bbox 101 2597 380 2668; x_wconf 80' lang='lat' dir='ltr'><strong>quum(p.o&#39;0.)prot</strong></span> <span class='ocrx_word' id='word_1_335' title='bbox 398 2592 494 2663; x_wconf 69' lang='lat' dir='ltr'><strong>irqsd</strong></span> <span class='ocrx_word' id='word_1_336' title='bbox 511 2599 621 2668; x_wconf 80' lang='grc' dir='ltr'><em>μῆνες</em></span> <span class='ocrx_word' id='word_1_337' title='bbox 638 2590 810 2665; x_wconf 79' lang='lat' dir='ltr'><strong>t&#39;legendam</strong></span> <span class='ocrx_word' id='word_1_338' title='bbox 827 2607 948 2648; x_wconf 85' lang='lat' dir='ltr'><strong>censeret</strong></span> <span class='ocrx_word' id='word_1_339' title='bbox 967 2595 1036 2661; x_wconf 76' lang='grc' dir='ltr'><strong>ἕτηι</strong></span> <span class='ocrx_word' id='word_1_340' title='bbox 1082 2600 1200 2664; x_wconf 62' lang='grc' dir='ltr'>μῆνες</span> <span class='ocrx_word' id='word_1_341' title='bbox 1219 2595 1255 2664; x_wconf 87' lang='grc' dir='ltr'><strong>η’,</strong></span> <span class='ocrx_word' id='word_1_342' title='bbox 1271 2616 1322 2649; x_wconf 85' lang='lat' dir='ltr'><strong>non</strong></span> 
     </span>
     <span class='ocr_line' id='line_1_32' title="bbox 99 2657 1325 2735; baseline 0.003 -21"><span class='ocrx_word' id='word_1_343' title='bbox 99 2668 251 2733; x_wconf 88' lang='lat' dir='ltr'><strong>reputavit,</strong></span> <span class='ocrx_word' id='word_1_344' title='bbox 282 2677 422 2718; x_wconf 84' lang='lat' dir='ltr'><strong>auctorem</strong></span> <span class='ocrx_word' id='word_1_345' title='bbox 451 2677 571 2718; x_wconf 84' lang='lat' dir='ltr'><strong>nostrum</strong></span> <span class='ocrx_word' id='word_1_346' title='bbox 598 2657 792 2735; x_wconf 69' lang='lat' dir='ltr'><strong>imperatorum</strong></span> <span class='ocrx_word' id='word_1_347' title='bbox 821 2682 905 2715; x_wconf 89' lang='lat' dir='ltr'><strong>annos</strong></span> <span class='ocrx_word' id='word_1_348' title='bbox 930 2682 984 2715; x_wconf 90' lang='lat' dir='ltr'><strong>non</strong></span> <span class='ocrx_word' id='word_1_349' title='bbox 1008 2664 1043 2714; x_wconf 88' lang='lat' dir='ltr'><strong>ah</strong></span> <span class='ocrx_word' id='word_1_350' title='bbox 1069 2682 1101 2715; x_wconf 93' lang='lat' dir='ltr'><strong>eo</strong></span> <span class='ocrx_word' id='word_1_351' title='bbox 1125 2668 1256 2731; x_wconf 85' lang='lat' dir='ltr'><strong>termino,</strong></span> <span class='ocrx_word' id='word_1_352' title='bbox 1274 2683 1325 2735; x_wconf 88' lang='lat' dir='ltr'><strong>quo</strong></span> 
     </span>
     <span class='ocr_line' id='line_1_33' title="bbox 100 2731 1325 2803; baseline 0.001 -21"><span class='ocrx_word' id='word_1_353' title='bbox 100 2736 216 2803; x_wconf 87' lang='lat' dir='ltr'><strong>quisque</strong></span> <span class='ocrx_word' id='word_1_354' title='bbox 240 2752 352 2801; x_wconf 83' lang='lat' dir='ltr'><strong>regnare</strong></span> <span class='ocrx_word' id='word_1_355' title='bbox 376 2737 483 2803; x_wconf 84' lang='lat' dir='ltr'><strong>coepit,</strong></span> <span class='ocrx_word' id='word_1_356' title='bbox 509 2734 557 2787; x_wconf 87' lang='lat' dir='ltr'><strong>sed</strong></span> <span class='ocrx_word' id='word_1_357' title='bbox 584 2753 599 2784; x_wconf 88' lang='lat' dir='ltr'><strong>a</strong></span> <span class='ocrx_word' id='word_1_358' title='bbox 624 2734 669 2785; x_wconf 93' lang='lat' dir='ltr'><strong>die</strong></span> <span class='ocrx_word' id='word_1_359' title='bbox 687 2751 734 2798; x_wconf 91' lang='lat' dir='ltr'><strong>eo,</strong></span> <span class='ocrx_word' id='word_1_360' title='bbox 765 2732 837 2784; x_wconf 92' lang='lat' dir='ltr'><strong>unde</strong></span> <span class='ocrx_word' id='word_1_361' title='bbox 863 2743 945 2782; x_wconf 85' lang='lat' dir='ltr'><strong>anno&#39;s</strong></span> <span class='ocrx_word' id='word_1_362' title='bbox 963 2731 1058 2782; x_wconf 88' lang='lat' dir='ltr'><strong>mundi</strong></span> <span class='ocrx_word' id='word_1_363' title='bbox 1084 2751 1229 2786; x_wconf 84' lang='lat' dir='ltr'><strong>numerare</strong></span> <span class='ocrx_word' id='word_1_364' title='bbox 1251 2737 1325 2799; x_wconf 84' lang='lat' dir='ltr'><strong>solet,</strong></span> 
     </span>
    </p>

    <p class='ocr_par' dir='ltr' id='par_1_8' title="bbox 41 2801 1328 3208">
     <span class='ocr_line' id='line_1_34' title="bbox 100 2801 1326 2872; baseline 0.002 -22"><span class='ocrx_word' id='word_1_365' title='bbox 100 2802 119 2852; x_wconf 88' lang='lat' dir='ltr'><strong>i.</strong></span> <span class='ocrx_word' id='word_1_366' title='bbox 130 2820 153 2853; x_wconf 87' lang='lat' dir='ltr'><strong>e.</strong></span> <span class='ocrx_word' id='word_1_367' title='bbox 166 2820 182 2852; x_wconf 97' lang='lat' dir='ltr'><strong>a</strong></span> <span class='ocrx_word' id='word_1_368' title='bbox 201 2803 245 2854; x_wconf 89' lang='lat' dir='ltr'><strong>die</strong></span> <span class='ocrx_word' id='word_1_369' title='bbox 255 2803 348 2853; x_wconf 87' lang='lat' dir='ltr'><strong>Martii</strong></span> <span class='ocrx_word' id='word_1_370' title='bbox 359 2807 401 2855; x_wconf 77' lang='lat'><strong>21.</strong></span> <span class='ocrx_word' id='word_1_371' title='bbox 419 2813 583 2872; x_wconf 89' lang='lat' dir='ltr'><strong>computare,</strong></span> <span class='ocrx_word' id='word_1_372' title='bbox 601 2803 638 2853; x_wconf 87' lang='lat' dir='ltr'><strong>ita</strong></span> <span class='ocrx_word' id='word_1_373' title='bbox 657 2801 826 2871; x_wconf 71' lang='lat' dir='ltr'><strong>qnidem‚&#39;ut</strong></span> <span class='ocrx_word' id='word_1_374' title='bbox 844 2803 962 2870; x_wconf 76' lang='lat' dir='ltr'><strong>prinnina</strong></span> <span class='ocrx_word' id='word_1_375' title='bbox 979 2803 1109 2868; x_wconf 88' lang='lat' dir='ltr'><strong>cuiusque</strong></span> <span class='ocrx_word' id='word_1_376' title='bbox 1127 2819 1233 2852; x_wconf 86' lang='lat' dir='ltr'><strong>annum</strong></span> <span class='ocrx_word' id='word_1_377' title='bbox 1251 2821 1267 2852; x_wconf 87' lang='lat' dir='ltr'><strong>a</strong></span> <span class='ocrx_word' id='word_1_378' title='bbox 1285 2802 1326 2852; x_wconf 89' lang='lat' dir='ltr'><strong>die</strong></span> 
     </span>
     <span class='ocr_line' id='line_1_35' title="bbox 75 2864 1327 2940; baseline 0.004 -21"><span class='ocrx_word' id='word_1_379' title='bbox 75 2864 82 2873; x_wconf 69' lang='lat'><em>&#39;</em></span> <span class='ocrx_word' id='word_1_380' title='bbox 101 2869 196 2920; x_wconf 88' lang='lat' dir='ltr'><strong>Martii</strong></span> <span class='ocrx_word' id='word_1_381' title='bbox 213 2874 256 2921; x_wconf 78' lang='lat'><strong>21.</strong></span> <span class='ocrx_word' id='word_1_382' title='bbox 276 2872 333 2922; x_wconf 87' lang='lat' dir='ltr'><strong>eius</strong></span> <span class='ocrx_word' id='word_1_383' title='bbox 352 2871 471 2939; x_wconf 87' lang='lat' dir='ltr'><strong>auspicia</strong></span> <span class='ocrx_word' id='word_1_384' title='bbox 498 2873 621 2940; x_wconf 85' lang='lat' dir='ltr'><strong>proxime</strong></span> <span class='ocrx_word' id='word_1_385' title='bbox 642 2871 765 2924; x_wconf 86' lang='lat' dir='ltr'><strong>insecuto</strong></span> <span class='ocrx_word' id='word_1_386' title='bbox 792 2868 875 2920; x_wconf 87' lang='lat' dir='ltr'><strong>ducat</strong></span> <span class='ocrx_word' id='word_1_387' title='bbox 893 2868 939 2933; x_wconf 87' lang='lat' dir='ltr'><strong>(cl.</strong></span> <span class='ocrx_word' id='word_1_388' title='bbox 957 2887 984 2920; x_wconf 80' lang='lat' dir='ltr'><strong>r.</strong></span> <span class='ocrx_word' id='word_1_389' title='bbox 1006 2888 1040 2937; x_wconf 75' lang='lat' dir='ltr'><strong>g,</strong></span> <span class='ocrx_word' id='word_1_390' title='bbox 1058 2886 1127 2936; x_wconf 90' lang='lat' dir='ltr'><strong>quae</strong></span> <span class='ocrx_word' id='word_1_391' title='bbox 1145 2888 1173 2938; x_wconf 90' lang='lat' dir='ltr'><strong>p.</strong></span> <span class='ocrx_word' id='word_1_392' title='bbox 1192 2874 1254 2923; x_wconf 83' lang='grc'><strong>518.</strong></span> <span class='ocrx_word' id='word_1_393' title='bbox 1272 2873 1327 2924; x_wconf 76' lang='lat'><strong>524.</strong></span> 
     </span>
     <span class='ocr_line' id='line_1_36' title="bbox 100 2936 1327 3003; baseline 0 -13"><span class='ocrx_word' id='word_1_394' title='bbox 100 2936 216 2990; x_wconf 71' lang='lat' dir='ltr'><strong>soa-ad</strong></span> <span class='ocrx_word' id='word_1_395' title='bbox 234 2956 317 2990; x_wconf 89' lang='lat' dir='ltr'><strong>annos</strong></span> <span class='ocrx_word' id='word_1_396' title='bbox 342 2939 449 2990; x_wconf 85' lang='lat' dir='ltr'><strong>Tiberii</strong></span> <span class='ocrx_word' id='word_1_397' title='bbox 474 2940 553 2990; x_wconf 86' lang='lat' dir='ltr'><strong>XIX.</strong></span> <span class='ocrx_word' id='word_1_398' title='bbox 572 2950 599 2989; x_wconf 90' lang='lat' dir='ltr'><strong>et</strong></span> <span class='ocrx_word' id='word_1_399' title='bbox 617 2940 682 2990; x_wconf 88' lang='lat' dir='ltr'><strong>XX.</strong></span> <span class='ocrx_word' id='word_1_400' title='bbox 701 2937 849 3003; x_wconf 82' lang='lat' dir='ltr'><strong>observat).</strong></span> <span class='ocrx_word' id='word_1_401' title='bbox 894 2938 949 2986; x_wconf 88' lang='lat' dir='ltr'><strong>lam</strong></span> <span class='ocrx_word' id='word_1_402' title='bbox 972 2955 1035 2988; x_wconf 78' lang='lat' dir='ltr'><strong>vero</strong></span> <span class='ocrx_word' id='word_1_403' title='bbox 1060 2939 1083 2986; x_wconf 90' lang='lat' dir='ltr'><strong>si</strong></span> <span class='ocrx_word' id='word_1_404' title='bbox 1109 2956 1125 2987; x_wconf 89' lang='lat' dir='ltr'><strong>a</strong></span> <span class='ocrx_word' id='word_1_405' title='bbox 1152 2937 1198 2989; x_wconf 81' lang='lat' dir='ltr'><strong>die</strong></span> <span class='ocrx_word' id='word_1_406' title='bbox 1217 2939 1288 2990; x_wconf 86' lang='lat' dir='ltr'><strong>Maii</strong></span> <span class='ocrx_word' id='word_1_407' title='bbox 1304 2943 1327 2990; x_wconf 83' lang='grc'><strong>8.</strong></span> 
     </span>
     <span class='ocr_line' id='line_1_37' title="bbox 102 3005 1328 3076; baseline 0.002 -21"><span class='ocrx_word' id='word_1_408' title='bbox 102 3005 167 3060; x_wconf 87' lang='lat' dir='ltr'><strong>anni</strong></span> <span class='ocrx_word' id='word_1_409' title='bbox 184 3010 237 3071; x_wconf 72' lang='lat'><strong>32,</strong></span> <span class='ocrx_word' id='word_1_410' title='bbox 255 3023 309 3074; x_wconf 90' lang='lat' dir='ltr'><strong>quo</strong></span> <span class='ocrx_word' id='word_1_411' title='bbox 327 3007 376 3060; x_wconf 83' lang='lat' dir='ltr'><strong>ille</strong></span> <span class='ocrx_word' id='word_1_412' title='bbox 391 3009 479 3058; x_wconf 85' lang='lat' dir='ltr'><strong>Iesum</strong></span> <span class='ocrx_word' id='word_1_413' title='bbox 496 3009 525 3056; x_wconf 87' lang='lat' dir='ltr'><strong>in</strong></span> <span class='ocrx_word' id='word_1_414' title='bbox 543 3006 648 3058; x_wconf 84' lang='lat' dir='ltr'><strong>coelam</strong></span> <span class='ocrx_word' id='word_1_415' title='bbox 665 3005 776 3056; x_wconf 86' lang='lat' dir='ltr'><strong>rediisse</strong></span> <span class='ocrx_word' id='word_1_416' title='bbox 793 3016 872 3076; x_wconf 88' lang='lat' dir='ltr'><strong>putat</strong></span> <span class='ocrx_word' id='word_1_417' title='bbox 886 3005 925 3074; x_wconf 89' lang='lat' dir='ltr'><strong>(p.</strong></span> <span class='ocrx_word' id='word_1_418' title='bbox 933 3008 1016 3072; x_wconf 72' lang='grc'><strong>538),</strong></span> <span class='ocrx_word' id='word_1_419' title='bbox 1037 3022 1121 3056; x_wconf 86' lang='lat' dir='ltr'><strong>annos</strong></span> <span class='ocrx_word' id='word_1_420' title='bbox 1143 3007 1328 3058; x_wconf 75' lang='lat' dir='ltr'><strong>numeraveris</strong></span> 
     </span>
     <span class='ocr_line' id='line_1_38' title="bbox 100 3073 1328 3140; baseline 0.001 -16"><span class='ocrx_word' id='word_1_421' title='bbox 100 3073 171 3124; x_wconf 83' lang='lat' dir='ltr'><strong>XlV</strong></span> <span class='ocrx_word' id='word_1_422' title='bbox 188 3083 216 3124; x_wconf 91' lang='lat' dir='ltr'><strong>et</strong></span> <span class='ocrx_word' id='word_1_423' title='bbox 233 3077 263 3126; x_wconf 87' lang='lat' dir='ltr'><strong>X</strong></span> <span class='ocrx_word' id='word_1_424' title='bbox 280 3091 401 3138; x_wconf 86' lang='lat' dir='ltr'><strong>menses,</strong></span> <span class='ocrx_word' id='word_1_425' title='bbox 431 3074 752 3126; x_wconf 72' lang='lat' dir='ltr'><strong>adMartiumsnni41.</strong></span> <span class='ocrx_word' id='word_1_426' title='bbox 780 3075 917 3124; x_wconf 85' lang='lat' dir='ltr'><strong>ineuntem</strong></span> <span class='ocrx_word' id='word_1_427' title='bbox 941 3074 1102 3140; x_wconf 81' lang='lat' dir='ltr'><strong>pervenies,</strong></span> <span class='ocrx_word' id='word_1_428' title='bbox 1133 3075 1211 3125; x_wconf 88' lang='lat' dir='ltr'><strong>cuius</strong></span> <span class='ocrx_word' id='word_1_429' title='bbox 1231 3078 1328 3127; x_wconf 84' lang='lat' dir='ltr'><strong>mensis</strong></span> 
     </span>
     <span class='ocr_line' id='line_1_39' title="bbox 41 3139 1328 3208; baseline 0.002 -16"><span class='ocrx_word' id='word_1_430' title='bbox 41 3203 44 3208; x_wconf 18' lang='grc' dir='ltr'>ι</span> <span class='ocrx_word' id='word_1_431' title='bbox 103 3141 150 3192; x_wconf 88' lang='lat' dir='ltr'><strong>die</strong></span> <span class='ocrx_word' id='word_1_432' title='bbox 166 3146 210 3194; x_wconf 77' lang='lat'><strong>20.</strong></span> <span class='ocrx_word' id='word_1_433' title='bbox 227 3160 262 3192; x_wconf 87' lang='lat' dir='ltr'><strong>ex</strong></span> <span class='ocrx_word' id='word_1_434' title='bbox 288 3145 406 3192; x_wconf 88' lang='lat' dir='ltr'><strong>auctoris</strong></span> <span class='ocrx_word' id='word_1_435' title='bbox 431 3144 515 3194; x_wconf 85' lang='lat' dir='ltr'><strong>nostri</strong></span> <span class='ocrx_word' id='word_1_436' title='bbox 539 3144 671 3195; x_wconf 79' lang='lat' dir='ltr'><strong>sententia</strong></span> <span class='ocrx_word' id='word_1_437' title='bbox 689 3143 736 3195; x_wconf 83' lang='lat' dir='ltr'><strong>Vl.</strong></span> <span class='ocrx_word' id='word_1_438' title='bbox 754 3140 862 3193; x_wconf 86' lang='lat' dir='ltr'><strong>Claudii</strong></span> <span class='ocrx_word' id='word_1_439' title='bbox 880 3158 964 3191; x_wconf 86' lang='lat' dir='ltr'><strong>annus</strong></span> <span class='ocrx_word' id='word_1_440' title='bbox 981 3139 1134 3192; x_wconf 82' lang='lat' dir='ltr'><strong>finiebatur.</strong></span> <span class='ocrx_word' id='word_1_441' title='bbox 1152 3170 1188 3182; x_wconf 90' lang='lat'><strong>—·</strong></span> <span class='ocrx_word' id='word_1_442' title='bbox 1277 3143 1328 3195; x_wconf 84' lang='lat' dir='ltr'><strong>Ad</strong></span> 
     </span>
    </p>

    <p class='ocr_par' dir='ltr' id='par_1_9' title="bbox 100 3209 1329 3348">
     <span class='ocr_line' id='line_1_40' title="bbox 259 3209 1170 3249; baseline 0.004 -29"><span class='ocrx_word' id='word_1_443' title='bbox 259 3209 265 3220; x_wconf 86' lang='lat'><strong>.</strong></span> <span class='ocrx_word' id='word_1_444' title='bbox 444 3230 451 3243; x_wconf 34' lang='grc' dir='ltr'>ι</span> <span class='ocrx_word' id='word_1_445' title='bbox 507 3213 513 3224; x_wconf 92' lang='grc'><strong>.</strong></span> <span class='ocrx_word' id='word_1_446' title='bbox 612 3213 617 3225; x_wconf 92' lang='grc'><strong>.</strong></span> <span class='ocrx_word' id='word_1_447' title='bbox 698 3238 744 3249; x_wconf 91' lang='lat'><strong>..</strong></span> <span class='ocrx_word' id='word_1_448' title='bbox 881 3217 883 3222; x_wconf 92' lang='lat'><strong>.</strong></span> <span class='ocrx_word' id='word_1_449' title='bbox 936 3212 956 3241; x_wconf 46' lang='grc' dir='ltr'><strong>(ς</strong></span> <span class='ocrx_word' id='word_1_450' title='bbox 1163 3210 1170 3224; x_wconf 90' lang='grc'><strong>.</strong></span> 
     </span>
     <span class='ocr_line' id='line_1_41' title="bbox 100 3209 1329 3348; baseline 0.001 -20"><span class='ocrx_word' id='word_1_451' title='bbox 100 3213 208 3328; x_wconf 62' lang='lat' dir='ltr'><strong>istst</strong></span> <span class='ocrx_word' id='word_1_452' title='bbox 226 3212 718 3348; x_wconf 50' lang='lat' dir='ltr'><strong>tastris.astas...</strong></span> <span class='ocrx_word' id='word_1_453' title='bbox 734 3209 946 3332; x_wconf 58' lang='lat' dir='ltr'><strong>..redis</strong></span> <span class='ocrx_word' id='word_1_454' title='bbox 970 3209 1329 3347; x_wconf 64' lang='lat' dir='ltr'><strong>..t.⁰..⁰.¹⁰s.⁰.:¹¹.e;:1:r</strong></span> 
     </span>
    </p>
   </div>
   <div class='ocr_carea' id='block_1_8' title="bbox 16 3344 1329 3416">
    <p class='ocr_par' dir='ltr' id='par_1_10' title="bbox 16 3344 1329 3416">
     <span class='ocr_line' id='line_1_42' title="bbox 16 3344 1329 3416; baseline 0.002 -20"><span class='ocrx_word' id='word_1_455' title='bbox 16 3360 21 3371; x_wconf 58' lang='lat'>⁸</span> <span class='ocrx_word' id='word_1_456' title='bbox 101 3345 196 3396; x_wconf 80' lang='lat' dir='ltr'><strong>Asiam</strong></span> <span class='ocrx_word' id='word_1_457' title='bbox 213 3347 344 3396; x_wconf 89' lang='lat' dir='ltr'><strong>minorem</strong></span> <span class='ocrx_word' id='word_1_458' title='bbox 361 3358 484 3416; x_wconf 80' lang='lat' dir='ltr'><strong>suscepta</strong></span> <span class='ocrx_word' id='word_1_459' title='bbox 502 3347 577 3412; x_wconf 80' lang='lat' dir='ltr'><strong>(Act.</strong></span> <span class='ocrx_word' id='word_1_460' title='bbox 597 3363 634 3399; x_wconf 93' lang='lat' dir='ltr'><strong>cc.</strong></span> <span class='ocrx_word' id='word_1_461' title='bbox 653 3349 763 3411; x_wconf 81' lang='lat'><strong>1³.14.)</strong></span> <span class='ocrx_word' id='word_1_462' title='bbox 779 3345 905 3398; x_wconf 83' lang='lat' dir='ltr'><strong>collocat.</strong></span> <span class='ocrx_word' id='word_1_463' title='bbox 941 3346 1042 3397; x_wconf 82' lang='lat' dir='ltr'><strong>Verum</strong></span> <span class='ocrx_word' id='word_1_464' title='bbox 1060 3356 1143 3413; x_wconf 88' lang='lat' dir='ltr'><strong>quum</strong></span> <span class='ocrx_word' id='word_1_465' title='bbox 1160 3345 1210 3397; x_wconf 92' lang='lat' dir='ltr'><strong>ille</strong></span> <span class='ocrx_word' id='word_1_466' title='bbox 1230 3344 1329 3416; x_wconf 82' lang='lat' dir='ltr'><strong>partim</strong></span> 
     </span>
    </p>
   </div>
   <div class='ocr_carea' id='block_1_9' title="bbox 102 3410 1334 3822">
    <p class='ocr_par' dir='ltr' id='par_1_11' title="bbox 102 3410 1334 3822">
     <span class='ocr_line' id='line_1_43' title="bbox 103 3410 1328 3485; baseline 0.001 -20"><span class='ocrx_word' id='word_1_467' title='bbox 103 3431 138 3465; x_wconf 84' lang='lat' dir='ltr'><strong>ex</strong></span> <span class='ocrx_word' id='word_1_468' title='bbox 155 3430 221 3465; x_wconf 80' lang='lat' dir='ltr'><strong>voce</strong></span> <span class='ocrx_word' id='word_1_469' title='bbox 247 3410 333 3464; x_wconf 80' lang='grc' dir='ltr'><em>πάλιν</em></span> <span class='ocrx_word' id='word_1_470' title='bbox 350 3413 547 3485; x_wconf 83' lang='lat' dir='ltr'><strong>profectionem</strong></span> <span class='ocrx_word' id='word_1_471' title='bbox 574 3414 633 3465; x_wconf 91' lang='lat' dir='ltr'><strong>illic</strong></span> <span class='ocrx_word' id='word_1_472' title='bbox 661 3424 835 3465; x_wconf 83' lang='lat' dir='ltr'><strong>memoratam</strong></span> <span class='ocrx_word' id='word_1_473' title='bbox 851 3415 991 3463; x_wconf 80' lang='lat' dir='ltr'><strong>secundum</strong></span> <span class='ocrx_word' id='word_1_474' title='bbox 1015 3413 1132 3481; x_wconf 85' lang='lat' dir='ltr'><strong>apostoli</strong></span> <span class='ocrx_word' id='word_1_475' title='bbox 1149 3414 1204 3463; x_wconf 87' lang='lat' dir='ltr'><strong>iter</strong></span> <span class='ocrx_word' id='word_1_476' title='bbox 1223 3415 1328 3467; x_wconf 85' lang='lat' dir='ltr'><strong>Hieros.</strong></span> 
     </span>
     <span class='ocr_line' id='line_1_44' title="bbox 102 3474 1329 3552; baseline 0.004 -22"><span class='ocrx_word' id='word_1_477' title='bbox 102 3480 257 3531; x_wconf 85' lang='lat' dir='ltr'><strong>hahendam</strong></span> <span class='ocrx_word' id='word_1_478' title='bbox 275 3499 331 3533; x_wconf 87' lang='lat' dir='ltr'><strong>esse</strong></span> <span class='ocrx_word' id='word_1_479' title='bbox 349 3482 495 3534; x_wconf 87' lang='lat' dir='ltr'><strong>concludat</strong></span> <span class='ocrx_word' id='word_1_480' title='bbox 512 3481 573 3551; x_wconf 85' lang='grc' dir='ltr'>(καὶ</span> <span class='ocrx_word' id='word_1_481' title='bbox 589 3474 605 3534; x_wconf 75' lang='lat'><strong>3</strong></span> <span class='ocrx_word' id='word_1_482' title='bbox 624 3475 716 3534; x_wconf 74' lang='grc' dir='ltr'><em>εἶπεν·</em></span> <span class='ocrx_word' id='word_1_483' title='bbox 735 3477 858 3545; x_wconf 77' lang='grc' dir='ltr'><em>πάλιν,</em></span> <span class='ocrx_word' id='word_1_484' title='bbox 881 3474 1007 3546; x_wconf 74' lang='grc' dir='ltr'><strong>δηλονότι</strong></span> <span class='ocrx_word' id='word_1_485' title='bbox 1035 3481 1135 3552; x_wconf 80' lang='grc' dir='ltr'><em>ἑτέρα</em></span> <span class='ocrx_word' id='word_1_486' title='bbox 1164 3479 1246 3533; x_wconf 71' lang='grc' dir='ltr'>ἐστὶν</span> <span class='ocrx_word' id='word_1_487' title='bbox 1264 3480 1329 3535; x_wconf 84' lang='grc' dir='ltr'>ανά-</span> 
     </span>
     <span class='ocr_line' id='line_1_45' title="bbox 102 3544 1329 3620; baseline 0.002 -20"><span class='ocrx_word' id='word_1_488' title='bbox 102 3554 183 3615; x_wconf 81' lang='grc' dir='ltr'><strong><em>βασις</em></strong></span> <span class='ocrx_word' id='word_1_489' title='bbox 201 3544 297 3615; x_wconf 75' lang='grc' dir='ltr'>αὕτη),</span> <span class='ocrx_word' id='word_1_490' title='bbox 315 3551 413 3620; x_wconf 89' lang='lat' dir='ltr'><strong>partim</strong></span> <span class='ocrx_word' id='word_1_491' title='bbox 430 3552 519 3618; x_wconf 88' lang='lat' dir='ltr'><strong>iniis,</strong></span> <span class='ocrx_word' id='word_1_492' title='bbox 537 3568 606 3618; x_wconf 90' lang='lat' dir='ltr'><strong>quae</strong></span> <span class='ocrx_word' id='word_1_493' title='bbox 624 3550 706 3601; x_wconf 87' lang='lat' dir='ltr'><strong>verba</strong></span> <span class='ocrx_word' id='word_1_494' title='bbox 723 3568 752 3618; x_wconf 91' lang='lat' dir='ltr'><strong>p.</strong></span> <span class='ocrx_word' id='word_1_495' title='bbox 772 3554 823 3601; x_wconf 80' lang='grc'><strong>128</strong></span> <span class='ocrx_word' id='word_1_496' title='bbox 835 3568 874 3617; x_wconf 92' lang='lat' dir='ltr'><strong>sq.</strong></span> <span class='ocrx_word' id='word_1_497' title='bbox 892 3549 972 3599; x_wconf 89' lang='lat' dir='ltr'><strong>allata</strong></span> <span class='ocrx_word' id='word_1_498' title='bbox 990 3561 1147 3617; x_wconf 85' lang='lat' dir='ltr'><strong>sequuntur,</strong></span> <span class='ocrx_word' id='word_1_499' title='bbox 1169 3548 1275 3602; x_wconf 87' lang='lat' dir='ltr'><strong>diserte</strong></span> <span class='ocrx_word' id='word_1_500' title='bbox 1293 3570 1329 3614; x_wconf 85' lang='lat' dir='ltr'><strong>ea,</strong></span> 
     </span>
     <span class='ocr_line' id='line_1_46' title="bbox 104 3616 1330 3697; baseline 0.003 -31"><span class='ocrx_word' id='word_1_501' title='bbox 104 3635 175 3685; x_wconf 86' lang='lat' dir='ltr'><strong>quae</strong></span> <span class='ocrx_word' id='word_1_502' title='bbox 203 3616 267 3672; x_wconf 80' lang='lat' dir='ltr'><strong>Act.</strong></span> <span class='ocrx_word' id='word_1_503' title='bbox 299 3636 322 3671; x_wconf 91' lang='lat' dir='ltr'><strong>c.</strong></span> <span class='ocrx_word' id='word_1_504' title='bbox 340 3623 382 3671; x_wconf 92' lang='grc'><strong>15.</strong></span> <span class='ocrx_word' id='word_1_505' title='bbox 410 3617 510 3681; x_wconf 84' lang='lat' dir='ltr'><strong>tradita</strong></span> <span class='ocrx_word' id='word_1_506' title='bbox 528 3632 605 3681; x_wconf 88' lang='lat' dir='ltr'><strong>sunt,</strong></span> <span class='ocrx_word' id='word_1_507' title='bbox 634 3619 752 3687; x_wconf 84' lang='lat' dir='ltr'><strong>tempori</strong></span> <span class='ocrx_word' id='word_1_508' title='bbox 782 3618 899 3686; x_wconf 86' lang='lat' dir='ltr'><strong>assignet</strong></span> <span class='ocrx_word' id='word_1_509' title='bbox 926 3617 1020 3668; x_wconf 85' lang='lat' dir='ltr'><strong>seriori</strong></span> <span class='ocrx_word' id='word_1_510' title='bbox 1034 3617 1088 3697; x_wconf 39' lang='lat' dir='ltr'><strong>dp.</strong></span> <span class='ocrx_word' id='word_1_511' title='bbox 1105 3622 1166 3668; x_wconf 87' lang='grc'><strong>550.</strong></span> <span class='ocrx_word' id='word_1_512' title='bbox 1188 3616 1241 3671; x_wconf 64' lang='grc' dir='ltr'><strong>σὼ</strong></span> <span class='ocrx_word' id='word_1_513' title='bbox 1256 3619 1330 3672; x_wconf 85' lang='lat' dir='ltr'><strong>Rad:</strong></span> 
     </span>
     <span class='ocr_line' id='line_1_47' title="bbox 102 3679 1332 3768; baseline 0.001 -33"><span class='ocrx_word' id='word_1_514' title='bbox 102 3683 215 3736; x_wconf 77' lang='grc' dir='ltr'><em>πάλιν</em></span> <span class='ocrx_word' id='word_1_515' title='bbox 239 3687 425 3754; x_wconf 77' lang='grc' dir='ltr'><strong><em>μετέπειτα</em></strong></span> <span class='ocrx_word' id='word_1_516' title='bbox 454 3682 545 3739; x_wconf 74' lang='grc' dir='ltr'><em>ἐλθὼν</em></span> <span class='ocrx_word' id='word_1_517' title='bbox 568 3688 606 3743; x_wconf 82' lang='grc' dir='ltr'><strong>εἰς</strong></span> <span class='ocrx_word' id='word_1_518' title='bbox 627 3681 720 3768; x_wconf 65' lang='lat' dir='ltr'><strong>‘lapsa</strong></span> <span class='ocrx_word' id='word_1_519' title='bbox 745 3683 814 3755; x_wconf 75' lang='grc' dir='ltr'><strong>μετὰ</strong></span> <span class='ocrx_word' id='word_1_520' title='bbox 836 3689 934 3751; x_wconf 67' lang='lat' dir='ltr'><strong>Baete,</strong></span> <span class='ocrx_word' id='word_1_521' title='bbox 959 3685 1007 3736; x_wconf 81' lang='lat' dir='ltr'><strong>aral</strong></span> <span class='ocrx_word' id='word_1_522' title='bbox 1034 3679 1125 3753; x_wconf 77' lang='grc' dir='ltr'><em>ευρὼν</em></span> <span class='ocrx_word' id='word_1_523' title='bbox 1146 3687 1267 3757; x_wconf 79' lang='grc' dir='ltr'><em>Πέτρον</em></span> <span class='ocrx_word' id='word_1_524' title='bbox 1288 3687 1332 3739; x_wconf 80' lang='grc' dir='ltr'><strong>καὶ</strong></span> 
     </span>
     <span class='ocr_line' id='line_1_48' title="bbox 103 3748 1334 3822; baseline 0.003 -19"><span class='ocrx_word' id='word_1_525' title='bbox 103 3749 166 3810; x_wconf 83' lang='grc' dir='ltr'><strong><em>τοὺς</em></strong></span> <span class='ocrx_word' id='word_1_526' title='bbox 182 3749 296 3812; x_wconf 76' lang='grc' dir='ltr'><strong><em>λοιποὺς</em></strong></span> <span class='ocrx_word' id='word_1_527' title='bbox 313 3749 499 3820; x_wconf 71' lang='grc' dir='ltr'><strong><em>ἀποστόλους,</em></strong></span> <span class='ocrx_word' id='word_1_528' title='bbox 524 3749 582 3822; x_wconf 75' lang='grc' dir='ltr'><strong>ἅμα</strong></span> <span class='ocrx_word' id='word_1_529' title='bbox 596 3752 715 3820; x_wconf 64' lang='lat' dir='ltr'><strong>’lassatas</strong></span> <span class='ocrx_word' id='word_1_530' title='bbox 732 3754 770 3818; x_wconf 76' lang='grc' dir='ltr'><strong>τῷ</strong></span> <span class='ocrx_word' id='word_1_531' title='bbox 788 3750 902 3822; x_wconf 71' lang='grc' dir='ltr'><em>ἀδελφῷ</em></span> <span class='ocrx_word' id='word_1_532' title='bbox 919 3751 967 3805; x_wconf 85' lang='grc' dir='ltr'><strong>τοῦ</strong></span> <span class='ocrx_word' id='word_1_533' title='bbox 985 3754 1097 3818; x_wconf 77' lang='grc' dir='ltr'><strong><em>κυρίου,</em></strong></span> <span class='ocrx_word' id='word_1_534' title='bbox 1121 3748 1334 3821; x_wconf 76' lang='grc' dir='ltr'><em>γράφουσιν</em></span> 
     </span>
    </p>
   </div>
   <div class='ocr_carea' id='block_1_10' title="bbox 16 3817 1335 3889">
    <p class='ocr_par' dir='ltr' id='par_1_12' title="bbox 16 3817 1335 3889">
     <span class='ocr_line' id='line_1_49' title="bbox 16 3817 1335 3889; baseline 0.002 -16"><span class='ocrx_word' id='word_1_535' title='bbox 16 3836 22 3886; x_wconf 73' lang='lat'><strong>‚·</strong></span> <span class='ocrx_word' id='word_1_536' title='bbox 103 3817 310 3886; x_wconf 72' lang='grc' dir='ltr'><strong><em>ἐπιστολὴν</em></strong></span> <span class='ocrx_word' id='word_1_537' title='bbox 335 3821 369 3872; x_wconf 79' lang='grc' dir='ltr'><strong>οἱ</strong></span> <span class='ocrx_word' id='word_1_538' title='bbox 391 3819 587 3874; x_wconf 73' lang='grc' dir='ltr'><strong><em>ἀπόστολοι</em></strong></span> <span class='ocrx_word' id='word_1_539' title='bbox 614 3824 667 3881; x_wconf 81' lang='grc' dir='ltr'><strong>εἰς</strong></span> <span class='ocrx_word' id='word_1_540' title='bbox 686 3817 980 3888; x_wconf 64' lang='grc' dir='ltr'><strong><em>’Λντιόγειοντῆς</em></strong></span> <span class='ocrx_word' id='word_1_541' title='bbox 1001 3820 1136 3889; x_wconf 73' lang='grc' dir='ltr'><strong><em>Σοοίας).·</em></strong></span> <span class='ocrx_word' id='word_1_542' title='bbox 1155 3833 1268 3874; x_wconf 87' lang='lat' dir='ltr'><strong>certum</strong></span> <span class='ocrx_word' id='word_1_543' title='bbox 1288 3835 1335 3887; x_wconf 87' lang='lat' dir='ltr'><strong>est,</strong></span> 
     </span>
    </p>
   </div>
   <div class='ocr_carea' id='block_1_11' title="bbox 43 3881 1343 4778">
    <p class='ocr_par' dir='ltr' id='par_1_13' title="bbox 43 3881 1343 4778">
     <span class='ocr_line' id='line_1_50' title="bbox 43 3881 1335 3958; baseline 0.001 -17"><span class='ocrx_word' id='word_1_544' title='bbox 43 3936 44 3941; x_wconf 74' lang='grc'>,</span> <span class='ocrx_word' id='word_1_545' title='bbox 104 3907 140 3940; x_wconf 86' lang='lat' dir='ltr'><strong>ex</strong></span> <span class='ocrx_word' id='word_1_546' title='bbox 157 3889 214 3938; x_wconf 85' lang='lat' dir='ltr'><strong>eius</strong></span> <span class='ocrx_word' id='word_1_547' title='bbox 231 3898 320 3939; x_wconf 87' lang='lat' dir='ltr'><strong>mente</strong></span> <span class='ocrx_word' id='word_1_548' title='bbox 339 3889 399 3941; x_wconf 87' lang='lat' dir='ltr'><strong>Gal.</strong></span> <span class='ocrx_word' id='word_1_549' title='bbox 416 3895 443 3953; x_wconf 75' lang='lat'><strong>2,</strong></span> <span class='ocrx_word' id='word_1_550' title='bbox 463 3895 547 3958; x_wconf 89' lang='lat' dir='ltr'><strong>lsqq.</strong></span> <span class='ocrx_word' id='word_1_551' title='bbox 565 3889 658 3955; x_wconf 89' lang='lat' dir='ltr'><strong>idem,</strong></span> <span class='ocrx_word' id='word_1_552' title='bbox 676 3888 751 3958; x_wconf 88' lang='lat' dir='ltr'><strong>qnod</strong></span> <span class='ocrx_word' id='word_1_553' title='bbox 769 3881 831 3941; x_wconf 79' lang='lat' dir='ltr'><strong>Act.</strong></span> <span class='ocrx_word' id='word_1_554' title='bbox 850 3907 872 3942; x_wconf 92' lang='lat' dir='ltr'><strong>c.</strong></span> <span class='ocrx_word' id='word_1_555' title='bbox 891 3893 932 3942; x_wconf 90' lang='lat'><strong>11.</strong></span> <span class='ocrx_word' id='word_1_556' title='bbox 949 3888 1131 3952; x_wconf 84' lang='lat' dir='ltr'><strong>describitur,</strong></span> <span class='ocrx_word' id='word_1_557' title='bbox 1149 3889 1206 3940; x_wconf 89' lang='lat' dir='ltr'><strong>iter</strong></span> <span class='ocrx_word' id='word_1_558' title='bbox 1224 3892 1335 3954; x_wconf 82' lang='lat' dir='ltr'><strong>referri,</strong></span> 
     </span>
     <span class='ocr_line' id='line_1_51' title="bbox 104 3955 1335 4029; baseline 0.005 -23"><span class='ocrx_word' id='word_1_559' title='bbox 104 3955 179 4025; x_wconf 88' lang='lat' dir='ltr'><strong>quod</strong></span> <span class='ocrx_word' id='word_1_560' title='bbox 196 3955 309 4024; x_wconf 86' lang='lat' dir='ltr'><strong>quidem</strong></span> <span class='ocrx_word' id='word_1_561' title='bbox 323 3955 391 4026; x_wconf 88' lang='lat' dir='ltr'><strong>ipse,</strong></span> <span class='ocrx_word' id='word_1_562' title='bbox 411 3959 512 4023; x_wconf 85' lang='lat' dir='ltr'><strong>nascio,</strong></span> <span class='ocrx_word' id='word_1_563' title='bbox 531 3969 624 4008; x_wconf 89' lang='lat' dir='ltr'><strong>utrum</strong></span> <span class='ocrx_word' id='word_1_564' title='bbox 641 3958 780 4023; x_wconf 87' lang='lat' dir='ltr'><strong>consulto,</strong></span> <span class='ocrx_word' id='word_1_565' title='bbox 800 3975 834 4007; x_wconf 92' lang='lat' dir='ltr'><strong>an</strong></span> <span class='ocrx_word' id='word_1_566' title='bbox 850 3974 900 4025; x_wconf 91' lang='lat' dir='ltr'><strong>per</strong></span> <span class='ocrx_word' id='word_1_567' title='bbox 918 3976 1054 4020; x_wconf 88' lang='lat' dir='ltr'><strong>errorem,</strong></span> <span class='ocrx_word' id='word_1_568' title='bbox 1072 3958 1097 4007; x_wconf 87' lang='lat' dir='ltr'><strong>ei</strong></span> <span class='ocrx_word' id='word_1_569' title='bbox 1116 3955 1218 4009; x_wconf 90' lang='lat' dir='ltr'><strong>tribuit</strong></span> <span class='ocrx_word' id='word_1_570' title='bbox 1243 3963 1335 4029; x_wconf 85' lang='lat' dir='ltr'><strong>aetati,</strong></span> 
     </span>
     <span class='ocr_line' id='line_1_52' title="bbox 104 4023 1336 4094; baseline 0.003 -19"><span class='ocrx_word' id='word_1_571' title='bbox 104 4043 187 4094; x_wconf 89' lang='lat' dir='ltr'><strong>quam</strong></span> <span class='ocrx_word' id='word_1_572' title='bbox 203 4024 290 4077; x_wconf 87' lang='lat' dir='ltr'><strong>Lucas</strong></span> <span class='ocrx_word' id='word_1_573' title='bbox 307 4023 369 4078; x_wconf 80' lang='lat' dir='ltr'><strong>Act.</strong></span> <span class='ocrx_word' id='word_1_574' title='bbox 385 4043 410 4078; x_wconf 85' lang='lat' dir='ltr'><strong>c.</strong></span> <span class='ocrx_word' id='word_1_575' title='bbox 428 4029 469 4078; x_wconf 91' lang='lat'><strong>14.</strong></span> <span class='ocrx_word' id='word_1_576' title='bbox 488 4036 556 4076; x_wconf 86' lang='lat' dir='ltr'><strong>extr.</strong></span> <span class='ocrx_word' id='word_1_577' title='bbox 574 4028 671 4094; x_wconf 81' lang='lat' dir='ltr'><strong>attigit.</strong></span> <span class='ocrx_word' id='word_1_578' title='bbox 713 4027 808 4090; x_wconf 86' lang='lat' dir='ltr'><strong>Neque</strong></span> <span class='ocrx_word' id='word_1_579' title='bbox 831 4035 921 4077; x_wconf 87' lang='lat' dir='ltr'><strong>tamen</strong></span> <span class='ocrx_word' id='word_1_580' title='bbox 937 4026 1004 4076; x_wconf 88' lang='lat' dir='ltr'><strong>haec</strong></span> <span class='ocrx_word' id='word_1_581' title='bbox 1022 4042 1054 4076; x_wconf 90' lang='lat' dir='ltr'><strong>eo</strong></span> <span class='ocrx_word' id='word_1_582' title='bbox 1072 4024 1174 4090; x_wconf 81' lang='lat' dir='ltr'><strong>valere,</strong></span> <span class='ocrx_word' id='word_1_583' title='bbox 1204 4038 1238 4076; x_wconf 88' lang='lat' dir='ltr'><strong>ut</strong></span> <span class='ocrx_word' id='word_1_584' title='bbox 1258 4030 1336 4082; x_wconf 89' lang='lat' dir='ltr'><strong>nohis</strong></span> 
     </span>
     <span class='ocr_line' id='line_1_53' title="bbox 48 4092 1335 4164; baseline 0.002 -19"><span class='ocrx_word' id='word_1_585' title='bbox 48 4105 51 4114; x_wconf 84' lang='lat'><em>&#39;</em></span> <span class='ocrx_word' id='word_1_586' title='bbox 103 4092 286 4145; x_wconf 85' lang='lat' dir='ltr'><strong>recedendum</strong></span> <span class='ocrx_word' id='word_1_587' title='bbox 303 4094 339 4144; x_wconf 87' lang='lat' dir='ltr'><strong>sit</strong></span> <span class='ocrx_word' id='word_1_588' title='bbox 357 4092 391 4144; x_wconf 87' lang='lat' dir='ltr'><strong>ab</strong></span> <span class='ocrx_word' id='word_1_589' title='bbox 408 4092 465 4157; x_wconf 88' lang='lat' dir='ltr'><strong>illa,</strong></span> <span class='ocrx_word' id='word_1_590' title='bbox 483 4111 562 4161; x_wconf 87' lang='lat' dir='ltr'><strong>quam</strong></span> <span class='ocrx_word' id='word_1_591' title='bbox 574 4113 602 4163; x_wconf 88' lang='lat' dir='ltr'><strong>p.</strong></span> <span class='ocrx_word' id='word_1_592' title='bbox 613 4100 670 4146; x_wconf 83' lang='lat'><strong>130.</strong></span> <span class='ocrx_word' id='word_1_593' title='bbox 682 4093 843 4164; x_wconf 84' lang='lat' dir='ltr'><strong>protulimus</strong></span> <span class='ocrx_word' id='word_1_594' title='bbox 861 4093 895 4145; x_wconf 88' lang='lat' dir='ltr'><strong>do</strong></span> <span class='ocrx_word' id='word_1_595' title='bbox 911 4095 994 4144; x_wconf 83' lang='lat' dir='ltr'><strong>totius</strong></span> <span class='ocrx_word' id='word_1_596' title='bbox 1010 4092 1064 4144; x_wconf 90' lang='lat' dir='ltr'><strong>loci</strong></span> <span class='ocrx_word' id='word_1_597' title='bbox 1081 4094 1200 4159; x_wconf 85' lang='lat' dir='ltr'><strong>ratione,</strong></span> <span class='ocrx_word' id='word_1_598' title='bbox 1220 4110 1335 4150; x_wconf 90' lang='lat' dir='ltr'><strong>senten·</strong></span> 
     </span>
     <span class='ocr_line' id='line_1_54' title="bbox 103 4163 1336 4231; baseline 0.003 -19"><span class='ocrx_word' id='word_1_599' title='bbox 103 4164 155 4224; x_wconf 84' lang='lat' dir='ltr'><strong>tia,</strong></span> <span class='ocrx_word' id='word_1_600' title='bbox 174 4180 223 4231; x_wconf 87' lang='lat' dir='ltr'><strong>per</strong></span> <span class='ocrx_word' id='word_1_601' title='bbox 240 4176 269 4213; x_wconf 84' lang='lat' dir='ltr'><strong>se</strong></span> <span class='ocrx_word' id='word_1_602' title='bbox 286 4173 379 4231; x_wconf 81' lang='lat' dir='ltr'><strong>patet3</strong></span> <span class='ocrx_word' id='word_1_603' title='bbox 397 4179 460 4212; x_wconf 87' lang='lat' dir='ltr'><strong>nam</strong></span> <span class='ocrx_word' id='word_1_604' title='bbox 479 4180 562 4230; x_wconf 89' lang='lat' dir='ltr'><strong>quum</strong></span> <span class='ocrx_word' id='word_1_605' title='bbox 579 4164 694 4230; x_wconf 89' lang='lat' dir='ltr'><strong>scriptor</strong></span> <span class='ocrx_word' id='word_1_606' title='bbox 711 4163 780 4212; x_wconf 90' lang='lat' dir='ltr'><strong>hanc</strong></span> <span class='ocrx_word' id='word_1_607' title='bbox 792 4164 1036 4230; x_wconf 83' lang='lat' dir='ltr'><strong>peregrinationem</strong></span> <span class='ocrx_word' id='word_1_608' title='bbox 1052 4163 1143 4211; x_wconf 90' lang='lat' dir='ltr'><strong>statim</strong></span> <span class='ocrx_word' id='word_1_609' title='bbox 1156 4175 1224 4230; x_wconf 89' lang='lat' dir='ltr'><strong>post</strong></span> <span class='ocrx_word' id='word_1_610' title='bbox 1237 4165 1336 4218; x_wconf 87' lang='lat' dir='ltr'><strong>itinera</strong></span> 
     </span>
     <span class='ocr_line' id='line_1_55' title="bbox 104 4229 1338 4300; baseline 0.005 -20"><span class='ocrx_word' id='word_1_611' title='bbox 104 4230 168 4281; x_wconf 83' lang='lat' dir='ltr'><strong>Act.</strong></span> <span class='ocrx_word' id='word_1_612' title='bbox 184 4234 276 4282; x_wconf 86' lang='lat' dir='ltr'><strong>cc.l3.</strong></span> <span class='ocrx_word' id='word_1_613' title='bbox 290 4234 330 4283; x_wconf 85' lang='lat'><strong>14.</strong></span> <span class='ocrx_word' id='word_1_614' title='bbox 348 4242 456 4282; x_wconf 84' lang='lat' dir='ltr'><strong>narrata</strong></span> <span class='ocrx_word' id='word_1_615' title='bbox 476 4229 660 4282; x_wconf 88' lang='lat' dir='ltr'><strong>collocandam</strong></span> <span class='ocrx_word' id='word_1_616' title='bbox 677 4247 733 4282; x_wconf 84' lang='lat' dir='ltr'><strong>esse</strong></span> <span class='ocrx_word' id='word_1_617' title='bbox 751 4231 925 4298; x_wconf 85' lang='lat' dir='ltr'><strong>opinaretur,</strong></span> <span class='ocrx_word' id='word_1_618' title='bbox 942 4248 998 4282; x_wconf 88' lang='lat' dir='ltr'><strong>non</strong></span> <span class='ocrx_word' id='word_1_619' title='bbox 1014 4241 1135 4300; x_wconf 88' lang='lat' dir='ltr'><strong>poterat,</strong></span> <span class='ocrx_word' id='word_1_620' title='bbox 1169 4233 1241 4299; x_wconf 89' lang='lat' dir='ltr'><strong>quin</strong></span> <span class='ocrx_word' id='word_1_621' title='bbox 1261 4235 1338 4285; x_wconf 90' lang='lat' dir='ltr'><strong>illam</strong></span> 
     </span>
     <span class='ocr_line' id='line_1_56' title="bbox 104 4297 1339 4369; baseline 0.002 -21"><span class='ocrx_word' id='word_1_622' title='bbox 104 4308 210 4366; x_wconf 84' lang='lat' dir='ltr'><strong>propter</strong></span> <span class='ocrx_word' id='word_1_623' title='bbox 233 4307 302 4362; x_wconf 66' lang='lat' dir='ltr'><strong>eum,</strong></span> <span class='ocrx_word' id='word_1_624' title='bbox 336 4317 410 4367; x_wconf 83' lang='lat' dir='ltr'><strong>quem</strong></span> <span class='ocrx_word' id='word_1_625' title='bbox 432 4318 470 4348; x_wconf 88' lang='lat' dir='ltr'><strong>ex</strong></span> <span class='ocrx_word' id='word_1_626' title='bbox 491 4298 594 4349; x_wconf 86' lang='lat' dir='ltr'><strong>Actis</strong></span> <span class='ocrx_word' id='word_1_627' title='bbox 616 4297 831 4348; x_wconf 77' lang='lat' dir='ltr'><strong>conclusisse</strong></span> <span class='ocrx_word' id='word_1_628' title='bbox 853 4298 924 4347; x_wconf 84' lang='lat' dir='ltr'><strong>sibi</strong></span> <span class='ocrx_word' id='word_1_629' title='bbox 946 4299 1153 4360; x_wconf 81' lang='lat' dir='ltr'><strong>videbatur,</strong></span> <span class='ocrx_word' id='word_1_630' title='bbox 1188 4311 1339 4369; x_wconf 75' lang='lat' dir='ltr'><strong>temporum</strong></span> 
     </span>
     <span class='ocr_line' id='line_1_57' title="bbox 105 4355 1340 4434; baseline 0.004 -17"><span class='ocrx_word' id='word_1_631' title='bbox 105 4367 221 4417; x_wconf 84' lang='lat' dir='ltr'><strong>ordinem</strong></span> <span class='ocrx_word' id='word_1_632' title='bbox 235 4368 327 4434; x_wconf 81' lang='lat' dir='ltr'><strong>quinto</strong></span> <span class='ocrx_word' id='word_1_633' title='bbox 342 4365 446 4417; x_wconf 81' lang='lat' dir='ltr'><strong>Claudii</strong></span> <span class='ocrx_word' id='word_1_634' title='bbox 456 4386 526 4417; x_wconf 85' lang='lat' dir='ltr'><strong>anno</strong></span> <span class='ocrx_word' id='word_1_635' title='bbox 536 4365 710 4434; x_wconf 79' lang='lat' dir='ltr'><strong>praeterlapso</strong></span> <span class='ocrx_word' id='word_1_636' title='bbox 722 4378 868 4434; x_wconf 80' lang='lat' dir='ltr'><strong>susceptam</strong></span> <span class='ocrx_word' id='word_1_637' title='bbox 881 4385 935 4418; x_wconf 85' lang='lat' dir='ltr'><strong>esse</strong></span> <span class='ocrx_word' id='word_1_638' title='bbox 952 4355 1081 4418; x_wconf 70' lang='lat' dir='ltr'><strong>ciederet.</strong></span> <span class='ocrx_word' id='word_1_639' title='bbox 1111 4363 1264 4431; x_wconf 82' lang='lat' dir='ltr'><strong>(Ceterum</strong></span> <span class='ocrx_word' id='word_1_640' title='bbox 1272 4372 1340 4422; x_wconf 80' lang='lat' dir='ltr'><strong>hinc</strong></span> 
     </span>
     <span class='ocr_line' id='line_1_58' title="bbox 105 4432 1339 4504; baseline 0.004 -20"><span class='ocrx_word' id='word_1_641' title='bbox 105 4433 283 4500; x_wconf 81' lang='lat' dir='ltr'><strong>intelligitur,</strong></span> <span class='ocrx_word' id='word_1_642' title='bbox 297 4435 351 4484; x_wconf 87' lang='lat' dir='ltr'><strong>illa</strong></span> <span class='ocrx_word' id='word_1_643' title='bbox 369 4437 470 4496; x_wconf 84' lang='lat' dir='ltr'><strong>etiam,</strong></span> <span class='ocrx_word' id='word_1_644' title='bbox 488 4453 557 4502; x_wconf 88' lang='lat' dir='ltr'><strong>qaae</strong></span> <span class='ocrx_word' id='word_1_645' title='bbox 573 4453 600 4504; x_wconf 94' lang='lat' dir='ltr'><strong>p.</strong></span> <span class='ocrx_word' id='word_1_646' title='bbox 619 4440 678 4486; x_wconf 87' lang='lat'><strong>148.</strong></span> <span class='ocrx_word' id='word_1_647' title='bbox 694 4445 752 4488; x_wconf 90' lang='lat' dir='ltr'><strong>not.</strong></span> <span class='ocrx_word' id='word_1_648' title='bbox 771 4453 795 4485; x_wconf 85' lang='lat' dir='ltr'><strong>z.</strong></span> <span class='ocrx_word' id='word_1_649' title='bbox 813 4432 949 4497; x_wconf 82' lang='lat' dir='ltr'><strong>diximus,</strong></span> <span class='ocrx_word' id='word_1_650' title='bbox 969 4432 1143 4501; x_wconf 83' lang='lat' dir='ltr'><strong>corrigenda,</strong></span> <span class='ocrx_word' id='word_1_651' title='bbox 1165 4448 1196 4486; x_wconf 90' lang='lat' dir='ltr'><strong>et</strong></span> <span class='ocrx_word' id='word_1_652' title='bbox 1215 4437 1339 4492; x_wconf 86' lang='lat' dir='ltr'><strong>chronici</strong></span> 
     </span>
     <span class='ocr_line' id='line_1_59' title="bbox 106 4501 1339 4576; baseline 0.005 -23"><span class='ocrx_word' id='word_1_653' title='bbox 106 4513 245 4553; x_wconf 88' lang='lat' dir='ltr'><strong>auctorem</strong></span> <span class='ocrx_word' id='word_1_654' title='bbox 261 4503 294 4552; x_wconf 88' lang='lat' dir='ltr'><strong>iis</strong></span> <span class='ocrx_word' id='word_1_655' title='bbox 312 4501 467 4554; x_wconf 86' lang='lat' dir='ltr'><strong>addendum</strong></span> <span class='ocrx_word' id='word_1_656' title='bbox 487 4521 552 4566; x_wconf 86' lang='lat' dir='ltr'><strong>esse,</strong></span> <span class='ocrx_word' id='word_1_657' title='bbox 581 4521 648 4571; x_wconf 91' lang='lat' dir='ltr'><strong>quos</strong></span> <span class='ocrx_word' id='word_1_658' title='bbox 666 4522 694 4571; x_wconf 91' lang='lat' dir='ltr'><strong>p.</strong></span> <span class='ocrx_word' id='word_1_659' title='bbox 712 4504 770 4554; x_wconf 73' lang='lat'><strong>138.</strong></span> <span class='ocrx_word' id='word_1_660' title='bbox 788 4513 845 4554; x_wconf 89' lang='lat' dir='ltr'><strong>not.</strong></span> <span class='ocrx_word' id='word_1_661' title='bbox 862 4522 894 4567; x_wconf 87' lang='lat' dir='ltr'><strong>r.,</strong></span> <span class='ocrx_word' id='word_1_662' title='bbox 914 4506 1010 4573; x_wconf 61' lang='lat' dir='ltr'><strong>patr</strong></span> <span class='ocrx_word' id='word_1_663' title='bbox 1020 4519 1059 4570; x_wconf 91' lang='lat' dir='ltr'><strong>sq.</strong></span> <span class='ocrx_word' id='word_1_664' title='bbox 1075 4512 1132 4555; x_wconf 91' lang='lat' dir='ltr'><strong>not.</strong></span> <span class='ocrx_word' id='word_1_665' title='bbox 1149 4521 1178 4556; x_wconf 78' lang='lat' dir='ltr'><strong>r.</strong></span> <span class='ocrx_word' id='word_1_666' title='bbox 1200 4505 1339 4576; x_wconf 82' lang='lat' dir='ltr'><strong>allegavi·</strong></span> 
     </span>
     <span class='ocr_line' id='line_1_60' title="bbox 44 4568 1341 4640; baseline 0.005 -20"><span class='ocrx_word' id='word_1_667' title='bbox 44 4579 50 4593; x_wconf 91' lang='grc'><strong>’</strong></span> <span class='ocrx_word' id='word_1_668' title='bbox 106 4569 235 4631; x_wconf 81' lang='lat' dir='ltr'><strong>mus.)&#39;·-</strong></span> <span class='ocrx_word' id='word_1_669' title='bbox 278 4568 333 4620; x_wconf 82' lang='lat' dir='ltr'><strong>Ad</strong></span> <span class='ocrx_word' id='word_1_670' title='bbox 350 4590 378 4639; x_wconf 89' lang='lat' dir='ltr'><strong>p.</strong></span> <span class='ocrx_word' id='word_1_671' title='bbox 391 4575 449 4625; x_wconf 85' lang='grc'><strong>135.</strong></span> <span class='ocrx_word' id='word_1_672' title='bbox 468 4584 537 4623; x_wconf 81' lang='lat' dir='ltr'><strong>not.</strong></span> <span class='ocrx_word' id='word_1_673' title='bbox 555 4572 582 4624; x_wconf 89' lang='lat' dir='ltr'><strong>d.</strong></span> <span class='ocrx_word' id='word_1_674' title='bbox 600 4570 725 4633; x_wconf 87' lang='lat' dir='ltr'><strong>Easdem,</strong></span> <span class='ocrx_word' id='word_1_675' title='bbox 745 4588 813 4640; x_wconf 89' lang='lat' dir='ltr'><strong>quas</strong></span> <span class='ocrx_word' id='word_1_676' title='bbox 830 4570 875 4622; x_wconf 89' lang='lat' dir='ltr'><strong>hic</strong></span> <span class='ocrx_word' id='word_1_677' title='bbox 893 4582 923 4622; x_wconf 87' lang='lat' dir='ltr'><strong>et</strong></span> <span class='ocrx_word' id='word_1_678' title='bbox 937 4571 967 4620; x_wconf 89' lang='lat' dir='ltr'><strong>in</strong></span> <span class='ocrx_word' id='word_1_679' title='bbox 984 4588 1046 4639; x_wconf 88' lang='lat' dir='ltr'><strong>sqq.</strong></span> <span class='ocrx_word' id='word_1_680' title='bbox 1065 4578 1288 4627; x_wconf 81' lang='lat' dir='ltr'><strong>commemorari</strong></span> <span class='ocrx_word' id='word_1_681' title='bbox 1306 4576 1341 4627; x_wconf 90' lang='lat' dir='ltr'><strong>de</strong></span> 
     </span>
     <span class='ocr_line' id='line_1_61' title="bbox 106 4637 1342 4710; baseline 0.006 -23"><span class='ocrx_word' id='word_1_682' title='bbox 106 4648 241 4707; x_wconf 88' lang='lat' dir='ltr'><strong>tempore,</strong></span> <span class='ocrx_word' id='word_1_683' title='bbox 261 4655 315 4706; x_wconf 90' lang='lat' dir='ltr'><strong>quo</strong></span> <span class='ocrx_word' id='word_1_684' title='bbox 328 4656 371 4708; x_wconf 89' lang='lat' dir='ltr'><strong>ap.</strong></span> <span class='ocrx_word' id='word_1_685' title='bbox 382 4641 501 4708; x_wconf 88' lang='lat' dir='ltr'><strong>primum</strong></span> <span class='ocrx_word' id='word_1_686' title='bbox 512 4637 548 4690; x_wconf 87' lang='lat' dir='ltr'><strong>ed</strong></span> <span class='ocrx_word' id='word_1_687' title='bbox 562 4641 621 4692; x_wconf 86' lang='lat' dir='ltr'><strong>Gal.</strong></span> <span class='ocrx_word' id='word_1_688' title='bbox 632 4639 793 4710; x_wconf 79' lang='lat' dir='ltr'><strong>pervenerit,</strong></span> <span class='ocrx_word' id='word_1_689' title='bbox 809 4651 836 4690; x_wconf 86' lang='lat' dir='ltr'><strong>et</strong></span> <span class='ocrx_word' id='word_1_690' title='bbox 848 4658 902 4707; x_wconf 87' lang='lat' dir='ltr'><strong>qno</strong></span> <span class='ocrx_word' id='word_1_691' title='bbox 919 4637 1011 4690; x_wconf 86' lang='lat' dir='ltr'><strong>literas</strong></span> <span class='ocrx_word' id='word_1_692' title='bbox 1029 4637 1065 4687; x_wconf 89' lang='lat' dir='ltr'><strong>ad</strong></span> <span class='ocrx_word' id='word_1_693' title='bbox 1082 4637 1199 4692; x_wconf 88' lang='lat' dir='ltr'><strong>eosdem</strong></span> <span class='ocrx_word' id='word_1_694' title='bbox 1218 4643 1342 4709; x_wconf 85' lang='lat' dir='ltr'><strong>dederit,</strong></span> 
     </span>
     <span class='ocr_line' id='line_1_62' title="bbox 108 4705 1343 4778; baseline 0.002 -20"><span class='ocrx_word' id='word_1_695' title='bbox 108 4707 253 4759; x_wconf 86' lang='lat' dir='ltr'><strong>sententias</strong></span> <span class='ocrx_word' id='word_1_696' title='bbox 270 4707 412 4758; x_wconf 82' lang='lat' dir='ltr'><strong>Paulus</strong></span> <span class='ocrx_word' id='word_1_697' title='bbox 434 4709 590 4777; x_wconf 83' lang='lat' dir='ltr'><strong>repetiitin</strong></span> <span class='ocrx_word' id='word_1_698' title='bbox 604 4707 638 4760; x_wconf 72' lang='lat' dir='ltr'><strong>lr</strong></span> <span class='ocrx_word' id='word_1_699' title='bbox 653 4708 708 4760; x_wconf 86' lang='lat' dir='ltr'><strong>Dea</strong></span> <span class='ocrx_word' id='word_1_700' title='bbox 724 4705 780 4778; x_wconf 85' lang='lat' dir='ltr'><strong>Ap.</strong></span> <span class='ocrx_word' id='word_1_701' title='bbox 791 4707 889 4759; x_wconf 85' lang='lat' dir='ltr'><strong>Paulas</strong></span> <span class='ocrx_word' id='word_1_702' title='bbox 900 4705 1048 4761; x_wconf 83' lang='lat' dir='ltr'><strong>Lehrhriei</strong></span> <span class='ocrx_word' id='word_1_703' title='bbox 1062 4725 1097 4758; x_wconf 85' lang='lat' dir='ltr'><strong>an</strong></span> <span class='ocrx_word' id='word_1_704' title='bbox 1114 4705 1143 4760; x_wconf 88' lang='lat' dir='ltr'><strong>d.</strong></span> <span class='ocrx_word' id='word_1_705' title='bbox 1163 4707 1305 4769; x_wconf 72' lang='lat' dir='ltr'><strong>Galatar—</strong></span> <span class='ocrx_word' id='word_1_706' title='bbox 1316 4733 1343 4765; x_wconf 74' lang='lat' dir='ltr'><strong>a</strong></span> 
     </span>
    </p>
   </div>
   <div class='ocr_carea' id='block_1_12' title="bbox 0 0 1501 5168">
    <p class='ocr_par' dir='ltr' id='par_1_14' title="bbox 0 0 1501 5168">
     <span class='ocr_line' id='line_1_63' title="bbox 0 0 1501 5168; baseline 0 0"><span class='ocrx_word' id='word_1_707' title='bbox 0 0 1501 5168; x_wconf 95' lang='lat' dir='ltr'><strong> </strong></span> 
     </span>
    </p>
   </div>
  </div>
 </body>
</html>
