2956 5168
338 110 423 189 QUO
444 110 560 172 tusus
581 110 622 171 IN
645 111 816 172 COULUM
836 61 1131 173 auscultarunt
1300 112 1344 172 23

126 284 213 343 dotes
241 279 355 360 lapides
386 287 417 342 et
444 278 529 360 ligna.
551 279 693 345 Iabricmi
721 281 879 357 docuerat,
914 281 1107 343 fundamenta
1127 281 1216 356 tectu
1236 282 1340 360 quibus

126 367 246 446 quidem
267 368 402 426 omnibus
432 386 522 444 quum
547 364 627 441 hond
657 386 779 443 parvum
800 369 942 445 temporis
963 368 1097 446 spatium„
1111 364 1343 445 irnpendendum

126 458 223 525 esset,
254 450 324 513 fieri
352 451 462 531 potnit,
487 436 528 510 111
557 469 632 509 anuo
655 451 1342 530 11111111161111111111111111111111.

126 536 229 614 Itaque
251 542 395 614 quatenus
417 535 517 594 Iudaei
537 534 642 612 templi
664 554 754 595 annos
775 535 823 595 rel
844 536 862 594 a
882 543 1017 615 tempore
1038 535 1152 595 consilii
1168 538 1206 596 ab
1219 535 1342 596 Herode
1408 578 1410 582 -

125 621 235 700 populo
257 621 416 699 propositi,
437 618 485 679 vel
506 621 542 678 ab
565 638 602 679 eo
619 639 712 692 arato,
736 638 794 698 quo
815 621 905 680 aedes
927 620 1013 680 condi
1035 628 1141 699 coepto·
1160 626 1217 694 est,
1237 630 1342 681 uume-

125 712 281 776 raveruut,¹
324 724 416 764 annus
446 703 542 765 XLVI
571 705 655 764 antris
687 704 726 763 U.
758 702 792 763 C.
813 705 894 777 tito,
923 705 1154 776 7811111182,
1184 725 1210 764 a.
1230 705 1267 781 I).
1289 705 1343 780 27,

125 789 235 849 18111
255 789 299 848 29
325 788 510 867 respondere
538 792 648 867 potest.
713 788 825 865 Verum
856 791 970 849 etiamsi
1005 790 1044 849 de
1077 791 1220 865 termino,
1262 790 1344 859 unde

125 875 227 935 Iudaei
247 874 494 951 computaverint,
524 878 688 933 constaret:
722 872 793 932 Inde
814 879 911 933 tamen
935 880 1017 933 certe
1038 874 1173 935 concludi
1191 892 1253 945 non
1273 894 1343 954 pos-

125 964 191 1031 set,
212 978 266 1031 ea,
288 959 326 1017 dc
348 959 453 1036 quibus
476 959 642 1036 quaeritur,
672 959 762 1017 verba
792 959 858 1035 ipso
879 957 983 1037 templi
1015 977 1092 1017 anno
1112 957 1208 1020 XLVI
1222 946 1345 1039 'prolata
1441 1032 1444 1037 Ι

126 1059 332 1122 esse;·ueque
354 1044 441 1114 enim,
462 1048 496 1102 ut
515 1047 600 1101 recte
620 1040 763 1101 Paulus
778 1037 822 1123 f)
850 1044 977 1125 monuit,
1011 1044 1160 1120 cognitum
1186 1042 1342 1117 habemns,
1357 1064 1364 1081 ··

116 1124 164 1186 ‘an
192 1127 290 1206 aliquo
318 1133 392 1199 aute.
415 1127 488 1186 illud
518 1126 696 1204 colloquium
726 1134 877 1207 tempore,
909 1128 975 1205 ipso
1005 1127 1124 1206 quidem
1152 1128 1234 1186 aedis
1265 1146 1348 1187 auno.
1406 1137 1408 1145 '

125 1209 232 1286 XLVI,
254 1233 272 1271 a
292 1211 404 1291 templo
426 1211 594 1270 exornando
614 1211 792 1291 aliquamdiu
812 1212 997 1285 destiterint,
1019 1213 1060 1270 ita
1080 1219 1114 1271 nt
1135 1213 1230 1276 serius
1252 1213 1343 1272 etiam
1391 1258 1394 1262 1

125 1297 187 1399 dipi
216 1298 384 1385 potuissett
418 1287 667 1381 τεσσαράκοντα
695 1291 752 1358 καὶ
778 1287 817 1370 ἓξ
846 1288 954 1358 ἔτεσιν
983 1287 1189 1380 ᾠκοδομήθη
1221 1288 1342 1371 donis

126 1400 234 1456 ουτος.

126 1549 366 1610 demerueris
389 1549 542 1609 Christi
559 1548 797 1608 interuallo.
840 1546 964 1609 Cotrstat
991 1555 1106 1623 autem,
1138 1551 1208 1611 huic
1228 1551 1274 1610 rei
1294 1551 1341 1610 iu·

127 1753 330 1766 ,μ

192 1900 337 1954 multorum
364 1903 402 1969 (r.
419 1900 575 1954 Kuinoel.
603 1899 639 1950 ad
656 1902 694 1955 Io.
713 1903 739 1966 2,
757 1903 814 1968 20.)
842 1913 884 1953 est
901 1901 1046 1965 sententia,
1072 1901 1193 1952 Flavium
1211 1903 1239 1952 in
1255 1901 1275 1952 1.
1293 1920 1339 1952 ar·

193 1970 361 2037 chaeologiae
378 1968 486 2019 laudato
504 1987 586 2020 annos
605 1968 721 2019 duodeci
741 1971 790 2020 inti
808 1969 842 2019 ab
860 1977 898 2021 eo'
911 1969 1019 2021 duxisse
1037 1987 1122 2033 anno,
1147 1987 1203 2038 quo
1220 1968 1341 2020 Herodes

193 2057 208 2087 a
226 2039 350 2088 Romanis
368 2055 416 2087 rex
435 2038 594 2086 constitutus
612 2046 652 2088 est
670 1989 739 2102 (WI

193 2105 226 2154 ab
245 2123 287 2167 1ο,
314 2122 368 2173 quo
385 2103 550 2172 Antigonum
579 2103 679 2155 occidit
697 2106 781 2174 (717).
800 2103 871 2157 ·Sed
888 2105 1030 2172 Iosephum
1048 2123 1130 2154 annos
1147 2102 1261 2154 Herodis
1279 2106 1342 2153 An-

192 2174 276 2239 tigoni
295 2171 376 2223 caede
393 2175 505 2222 seriores
523 2172 557 2220 ab
575 2173 625 2222 hoc
643 2174 700 2240 ipso
724 2174 839 2223 termino
863 2190 1016 2235 numerare,
1041 2171 1113 2221 hand
1135 2189 1221 2242 panca
1244 2171 1343 2223 docent

193 2238 327 2309 exempla.
368 2240 507 2306 Septimum
525 2241 594 2289 enim
613 2242 681 2306 regis
699 2258 798 2290 annum
815 2259 875 2290 cum
894 2257 963 2290 anuo
982 2257 1013 2290 eo
1031 2237 1143 2300 confert,
1162 2242 1208 2306 qui
1224 2239 1343 2308 pugnam

92 2330 95 2335 >
192 2307 335 2357 Actiacam
352 2319 457 2357 secutus
475 2318 514 2357 est
532 2308 574 2373 [U.
584 2305 612 2359 C.
630 2307 712 2372 724.]‚
730 2308 809 2371 (Ant.
828 2309 869 2371 15,
887 2306 914 2371 5,
933 2310 957 2358 2.
975 2306 1061 2368 1116,
1081 2309 1106 2359 1.
1124 2308 1156 2359 B.
1175 2308 1195 2357 Ι.
1213 2309 1236 2372 1,
1259 2307 1298 2370 19,
1317 2309 1343 2360 3.

193 2375 236 2426 etl.
255 2376 301 2435 20,
322 2379 345 2425 1.
362 2393 386 2425 v.
404 2373 563 2426 Siiskind.
581 2374 599 2425 l.
618 2374 638 2425 l.
658 2377 677 2438 I,
697 2377 762 2439 209,
780 2377 901 2426 VVurm.
919 2374 938 2424 l.
956 2373 976 2425 l.
994 2377 1014 2438 I,
1033 2373 1105 2440 29),
1132 2392 1202 2425 anno
1224 2374 1343 2433 eiusdem

191 2444 257 2493 XIII
275 2442 371 2491 famem
389 2443 567 2508 gravIssimam
586 2441 711 2491 Iudaeam
728 2442 947 2510 invasissetnct.
967 2442 1008 2504 15,
1026 2441 1053 2506 9,
1074 2449 1096 2495 l.
1113 2440 1162 2505 1.),
1183 2443 1253 2492 circa
1270 2440 1343 2492 idem

192 2528 255 2560 vero
281 2521 385 2579 tempus
408 2507 542 2559 Herodem
559 2510 640 2560 Aelio
659 2500 753 2571 Gallo,
781 2511 827 2579 qni
851 2521 908 2559 tum
934 2508 968 2558 ad
993 2528 1064 2560 mare
1089 2505 1200 2558 rubrum
1225 2521 1343 2560 versatus

192 2578 283 2641 fuerit,
303 2564 393 2645 coplas
412 2576 555 2626 auxiliares
574 2579 673 2627 misisse
691 2577 775 2627 tradit
798 2575 833 2644 (1.
851 2579 907 2640 3.),
935 2595 1015 2645 quem
1035 2575 1144 2646 quidem
1162 2576 1284 2644 Augusto
1302 2578 1342 2626 X.
1393 2598 1394 2603 ¹

194 2644 226 2699 C.
234 2645 361 2694 Norbano
380 2642 465 2709 Coss,
480 2645 511 2696 U.
521 2642 550 2695 C.
560 2646 620 2707 730,
639 2643 786 2696 Octaviano
804 2648 967 2713 imperante,
1002 2647 1031 2695 in
1049 2644 1175 2696 Arabiam
1193 2643 1345 2712 proiectum

195 2731 265 2774 esse,
292 2713 345 2763 Dio
364 2716 483 2763 'testatur
509 2712 569 2774 (53,
589 2711 652 2763 29Jt.
698 2711 794 2769 Annus
819 2714 907 2764 XVII.
932 2715 986 2761 iam
1011 2712 1206 2781 praeterlapsos
1235 2711 1343 2776 dicitur,

118 2832 121 2842 ,
195 2799 279 2850 quum
296 2778 397 2831 Herodi
416 2778 449 2829 ab
461 2777 607 2830 Octaviano
617 2773 753 2830 Zenodori
772 2781 915 2830 tetrarchia
933 2779 1079 2830 donaretur
1096 2779 1175 2844 (Ant.
1186 2779 1227 2842 15,
1240 2779 1280 2842 10,
1291 2779 1342 2843 3.),

195 2867 275 2916 qnam
297 2867 353 2898 rem
378 2845 482 2899 Cassius
503 2849 532 2894 iu
557 2864 656 2897 annum
678 2845 743 2909 734,
770 2866 824 2917 quo
847 2848 885 2898 Μ.
910 2847 1028 2916 Apulius
1053 2849 1082 2898 P.
1102 2847 1183 2896 Silius
1208 2846 1350 2896 consulatu

194 2914 391 2982 fungebantur,
416 2914 521 2964 confert
545 2913 607 2980 (54,
626 2915 677 2977 9.).
720 2913 875 2967 Caesaream
893 2915 1040 2981 Augustam
1058 2915 1092 2965 ab
1110 2910 1218 2964 Herode
1235 2917 1263 2963 in
1280 2913 1344 2962 An-

195 2985 266 3050 gusti
284 2983 413 3032 honorem
430 2991 589 3032 exstructam
607 2983 733 3051 Iosephus
749 3001 819 3033 anno
837 2984 905 3050 regis
922 2983 1056 3047 XXVIII,
1075 2981 1117 3044 Ol.
1136 2982 1186 3033 192
1203 2985 1236 3046 (i.
1256 3000 1280 3032 e.
1298 2983 1344 3030 in-

194 3062 238 3102 ter
254 3049 382 3101 aestatem
400 3068 423 3103 a.
442 3047 493 3100 741
511 3048 685 3119 eamdemque
706 3061 893 3120 tempestatem
911 3069 933 3102 a.
951 3048 1104 3115 746110.)
1123 3049 1271 3119 perfectam‘
1287 3067 1344 3099 esse

195 3128 301 3182 narrat,
325 3121 400 3169 cuius
425 3116 534 3186 quidem
552 3116 723 3187 Olympiadis
746 3137 815 3168 anno
832 3121 912 3169 tertio
938 3120 1077 3168 vicesimus
1103 3128 1216 3168 octavus⁴
1229 3115 1344 3167 Herodis

210 1465 267 1526 llis
288 1466 377 1544 igilur
398 1466 507 1538 mIssIs,
528 1466 587 1523 iam
608 1463 646 1522 ad
668 1457 733 1523 eam
754 1469 936 1523 transeamus
959 1466 1176 1543 quaestionem,
1198 1485 1273 1544 quae
1294 1471 1342 1524 est
1412 1524 1432 1545 ·„

751 2038 784 2089 U.
802 2035 856 2101 (1.),
876 2040 903 2086 io
921 2037 982 2088 loco
997 2056 1012 2088 e
1029 2036 1103 2089 libris
1121 2037 1155 2088 de
1172 2037 1200 2088 B.
1218 2038 1238 2089 l.
1259 2040 1341 2087 citato
1367 2058 1369 2063 ·
1459 2022 1477 2044 '¹

195 3203 295 3248 annus,
312 3185 346 3236 ab
364 3204 388 3236 a.
407 3189 459 3239 717
477 3185 586 3249 ductus,
606 3186 742 3253 agebatur.
777 3186 868 3254 Atque
882 3184 915 3235 ab
933 3185 983 3236 bac
1000 3185 1159 3236 numerandi
1175 3187 1279 3234 ratione
1297 3186 1344 3233 Io·
1446 3217 1452 3237 t

193 3253 291 3322 sephus
308 3273 343 3304 ne
367 3254 434 3304 locIa
461 3252 571 3323 quidem
596 3254 659 3304 Aut.
679 3257 725 3314 17,
749 3255 781 3319 8,
806 3261 828 3305 1.
848 3253 915 3305 111.
935 3255 962 3315 1,
981 3255 1030 3318 33,
1048 3256 1074 3306 8.
1102 3254 1224 3314 recessit,
1251 3251 1344 3300 11111111

195 3320 342 3372 enarrando
360 3325 436 3389 regui
452 3323 534 3372 totius
551 3332 670 3390 tempore
689 3340 771 3373 annos
789 3320 823 3372 ab
845 3333 992 3388 utroque
1017 3322 1151 3390 principio
1170 3320 1344 3388 computavit.

194 3387 269 3440 (luae
287 3408 370 3458 quum
386 3393 423 3439 ita
442 3391 504 3449 sint,
523 3407 603 3440 causa
619 3388 717 3442 idonea
734 3391 843 3458 cogitari
857 3391 960 3456 nequit,
979 3406 1026 3439 cur
1044 3387 1143 3451 illo,de
1161 3405 1214 3454 quo
1233 3387 1342 3453 agimus,

194 3440 272 3520 Ioco,
298 3457 349 3507 albi
374 3460 425 3526 ipsi
449 3474 504 3507 non
527 3469 666 3522 constans,
694 3477 791 3508 annum
814 3456 846 3506 ab
865 3468 975 3524 accepto
994 3457 1101 3506 nomine
1119 3457 1191 3522 regio
1209 3453 1343 3504 duodevi-

194 3526 321 3576 cesimum
341 3523 527 3593 appellaverit.
562 3524 631 3588 Sed,
655 3526 729 3595 quod
755 3525 840 3574 multo
859 3526 962 3584 gravius
980 3536 1033 3588 est,
1060 3525 1147 3592 capite
1169 3521 1344 3571 antecedente

193 3590 275 3657 (Ant.
294 3591 337 3655 15,
357 3593 398 3656 10,
416 3592 453 3657 3.)
479 3589 582 3642 Herodi
599 3604 658 3660 post
676 3593 813 3661 expletum
830 3591 909 3642 XVII
933 3593 1007 3657 regui
1032 3609 1130 3640 annum
1149 3588 1284 3639 Zenodori
1301 3600 1345 3638 te-

193 3659 338 3710 trarchiam
364 3661 530 3710 commissam
555 3676 610 3710 esse
635 3661 777 3724 retulerat,
808 3672 891 3728 quam
914 3677 969 3708 rem
996 3677 1065 3708 antro
1091 3658 1158 3720 734,
1186 3675 1247 3723 ergo
1273 3674 1343 3705 anno

193 3728 274 3779 XVII
299 3737 361 3797 post
385 3725 573 3795 Hierosolyma
598 3745 630 3777 ex
653 3738 765 3794 ugnata‚
793 3738 957 3795 competere,
985 3745 1018 3777 ex
1045 3725 1142 3776 collato
1166 3725 1263 3794 DionIs
1281 3724 1343 3773 loco

194 3795 275 3846 modo
293 3793 419 3849 vidimus.
461 3794 532 3845 Hinc
549 3747 684 3845 Hcrorlim
701 3795 729 3843 in
746 3796 803 3862 ipsa
821 3794 884 3857 illa,
912 3811 981 3861 quae
999 3794 1134 3845 Zenodori
1152 3791 1254 3854 inerat,
1272 3803 1345 3841 terra

192 3881 277 3933 prope
301 3863 414 3913 Panium
438 3872 555 3912 montem
582 3860 689 3914 Caesari
715 3862 850 3928 ternplum·
871 3863 1044 3922 exstruxisse,
1070 3863 1202 3928 variisque
1225 3857 1345 3909 modica
1408 3880 1410 3884 ³

193 3929 364 3981 subditorum
381 3929 449 3981 odiis
467 3929 518 3980 sibi
537 3932 635 3980 cavisse
652 3928 736 3980 tradit
755 3929 835 3997 (ibid.
855 3929 876 3994 1
896 3933 922 3982 3.
939 3927 987 3990 4.).
1017 3931 1114 3978 Inserta
1133 3926 1230 3978 deinde
1248 3944 1344 3976 narra·
1402 3958 1405 3968 ·

192 3997 315 4048 tiuncula
333 3995 367 4047 de
384 3998 497 4059 Essem,
525 3997 572 4067 qui
594 3998 695 4048 Herodi
733 4016 796 4048 nero
814 4016 923 4064 reguum
940 3999 1097 4047 vaticinatus
1115 3998 1165 4060 sit,
1190 3989 1248 4046 τότε
1265 3999 1344 4062 γοῦν,

192 4067 295 4134 pergit,
320 4059 552 4116 ὀκτωκαιδεκάτου
570 4069 616 4130 τῆς
630 4060 756 4134 Ἡρώδου
772 4067 910 4131 βασιλείας
933 4058 1078 4132 γεγονότος
1095 4062 1237 4122 ἐνιαυτοῦ,
1254 4057 1343 4130 μετὰ

194 4131 255 4189 τὰς
272 4136 528 4201 προειρημένας
547 4126 706 4200 πράξεις,
725 4131 807 4202 ἔργον
825 4130 858 4182 οὗ
878 4130 908 4183 τὸ
927 4128 1012 4196 τυχὸν
1029 4125 1188 4195 ἐπεβάλετο,
1207 4125 1256 4179 τὸν
1274 4125 1344 4179 νεών

112 4207 115 4211 ’
194 4203 242 4249 τοῦ
263 4200 617 4251 &concupiscentiarum
645 4199 720 4270 Quae
738 4203 759 4249 si
778 4202 837 4267 quis
854 4197 1036 4268 perpenderit,
1054 4215 1108 4246 uon
1125 4198 1234 4265 poterit,
1253 4195 1343 4261 credo,

194 4265 333 4332 dubitare,
361 4269 427 4335 quin
445 4265 478 4318 de
495 4269 586 4318 XVIII
603 4280 663 4337 post
686 4266 792 4318 caedem
811 4267 942 4333 Antigoni
960 4283 1030 4315 anno
1055 4283 1140 4315 sermo
1162 4267 1213 4332 sitq
1238 4268 1266 4315 in
1283 4264 1344 4314 loco

195 4346 284 4385 antem
303 4353 336 4385 ex
353 4334 429 4385 libris
453 4334 486 4386 de
510 4337 539 4386 11.
558 4339 577 4386 l.
604 4338 690 4404 petito
714 4353 745 4386 eo
763 4333 897 4384 lubentius
916 4352 975 4384 cum
993 4333 1160 4401 Keplero‚
1188 4334 1343 4393 Petavio,

194 4404 264 4465 allis,
284 4403 377 4453 vitium
395 4403 506 4472 aliquod
519 4403 561 4454 rel
575 4403 680 4472 Iosephi
698 4405 789 4472 ipsius,
808 4402 851 4452 vel
867 4403 1013 4472 primorum
1032 4400 1204 4481 librarlorurg
1219 4417 1343 4467 agnosco,

195 4470 269 4541 quod
293 4482 319 4521 et
343 4471 394 4523 illo'
416 4472 476 4522 loco
494 4473 614 4532 Flavius,
642 4471 688 4519 nbi
712 4480 878 4532 narraverat,
905 4468 1059 4536 Augustum
1080 4468 1182 4518 Herodi
1208 4466 1344 4518 Zenodori

194 4553 292 4591 terram
310 4540 439 4606 donasse,
461 4541 497 4590 ita
516 4539 551 4589 ad
568 4537 772 4589 describendam
799 4536 892 4606 templi
923 4538 1142 4587 instaurationem
1166 4539 1276 4597 transit,
1303 4544 1343 4598 nt,

195 4608 333 4660 hanon-em
347 4619 408 4679 port
423 4610 571 4661 insecutam
589 4605 698 4659 demum
716 4623 781 4674 esse,
799 4605 872 4656 hand
888 4605 1000 4658 obscure
1017 4604 1127 4658 indicet.
1188 4601 1343 4678 flcomm.
1423 4670 1428 4676 .
