2956 5168
255 181 369 261 onan
391 178 480 243 nor.
505 178 613 242 carr.
636 177 881 243 ιιι-ιιοιι.
907 138 1208 242 constantiana„
1230 181 1263 242 a.
1307 149 1383 244 rofa

155 373 234 416 mam
255 358 418 427 venerunt,
440 352 536 412 donec
554 350 679 411 Albinus
701 369 806 411 munus
827 350 1047 429 auspicaretur,
1073 356 1207 431 tempore
1228 350 1280 412 illo
1301 351 1370 413 bre-

156 438 276 500 vissimo
294 438 403 499 coniici
424 442 601 517 potuerunt,
627 435 705 514 qaod
727 436 807 494 inter
828 436 945 514 nuptias
967 433 1124 514 Poppaeae
1144 442 1174 496 et
1195 435 1370 496 tabernacu-

154 523 251 583 lorum
271 522 405 583 solennia
427 522 494 581 anni
511 519 565 579 ⁷62.
587 520 793 599 interpositum
816 524 888 578 erat.
932 518 1054 579 Scilicet
1075 518 1244 599 Poppaeam
1258 519 1369 581 Caesar

154 607 324 678 Matutae
346 605 444 667 medio
465 604 512 664 vel
534 605 655 664 ineunte
676 603 814 682 dauitb);
844 605 944 682 itaque
966 604 992 664 si
1013 603 1103 682 legati
1125 604 1280 665 mulierem
1300 615 1370 685 post

153 693 273 771 nuptias
301 692 462 763 adiissent,
491 707 550 748 non
577 690 661 768 prins
690 707 755 748 earn
785 689 844 747 boc
870 706 974 747 mense
1001 689 1217 750 convenissent.
1259 689 1370 750 ludicio

153 783 277 857 peracto
303 775 440 855 Poppaea
462 774 626 848 lnnaiilem,
651 772 826 833 ludaeorum
852 773 1042 851 pontificem,
1074 774 1125 852 qui
1150 775 1182 833 in
1207 774 1372 853 legatorum

153 880 279 922 numero
307 867 387 934 erat,
417 859 551 920 obsidem
578 859 721 931 retinuit,
743 859 868 936 eiusque
893 856 940 916 rei
966 857 1073 935 nuncio
1095 863 1217 937 accepto
1238 858 1372 938 Agrippa

154 946 314 1025 losepbnm
336 944 410 1004 Cabi
431 945 665 1021 cognominatum
687 943 853 1002 sacerdotio
875 939 1042 1025 ornante).
1084 941 1130 1017 Is,
1159 943 1227 1021 quia
1248 944 1371 1003 nuncius

154 1030 218 1090 ille·
230 1038 298 1091 ante
320 1029 433 1090 lunium
454 1027 557 1088 afferri
577 1047 636 1088 non
656 1027 814 1107 potuisset,
831 1025 920 1086 rebus
936 1031 1029 1089 sacris
1043 1045 1102 1086 non
1123 1028 1206 1105 prius
1227 1028 1285 1087 boc
1305 1028 1371 1106 ipso

154 1120 292 1195 tempore
311 1114 484 1193 praelectus
506 1119 595 1174 esset.
638 1112 780 1186 Ananus,
812 1110 895 1171 Gabii
922 1130 1093 1184 successor,
1123 1111 1295 1190 pontificatu
1316 1131 1372 1191 per

155 1207 220 1261 tres
242 1217 360 1259 menses
387 1199 524 1270 functus,
552 1206 711 1276 antequam
731 1196 854 1257 Albinus
877 1195 1046 1271 adveniret,
1067 1195 1134 1256 loco
1155 1201 1202 1257 est
1222 1191 1371 1279 mutuat),
1449 1203 1452 1206 ’

152 1283 242 1360 Quod
260 1278 336 1363 ‘qnia
360 1284 457 1344 serius
488 1281 658 1361 Septembri
682 1287 810 1341 exeunte
831 1281 898 1339 lieri
922 1298 981 1341 non
1004 1285 1140 1362 poterat,
1166 1281 1287 1341 Ananus
1313 1299 1372 1342 nou

156 1375 226 1429 ante
260 1368 373 1427 lunium
410 1372 572 1426 extremum
605 1366 652 1425 vel
686 1364 792 1425 lulium
824 1366 982 1426 ineuntem
1004 1365 1208 1446 pontificatum
1229 1365 1371 1444 suscepit.

157 1452 260 1532 ltaque
282 1451 391 1511 Cabius
419 1450 624 1528 magistratum
651 1451 700 1509 ιίιι
730 1446 919 1509 ιιιιοιιιοοοο
946 1452 1078 1529 gessisse
1104 1450 1251 1528 putandas
1278 1456 1369 1511 esset.

122 1542 133 1573 ‘
154 1537 196 1598 At
222 1556 311 1615 quum
336 1535 491 1613 Iosephus,
518 1553 718 1612 quamquam,
733 1533 783 1592 ubi
811 1534 850 1593 dc
868 1534 912 1593 ·iis
933 1535 994 1613 agit
1016 1534 1218 1600 sacerdotibus
1240 1535 1371 1609 summis,

156 1623 206 1700 qni
228 1623 265 1680 ab
280 1619 415 1680 Herodis
429 1619 450 1678 Ι.
474 1623 573 1678 aetate
593 1619 724 1691 suerunt,
746 1619 914 1691 rarissdne,
937 1618 1076 1696 quamdiu
1095 1619 1146 1677 bic
1166 1619 1214 1678 vel
1235 1618 1287 1679 ille
1308 1638 1372 1679 mn-

156 1725 213 1765 nus
234 1703 428 1777 sustinuerit,
465 1709 691 1777 commemorat,
718 1722 775 1762 nec
803 1703 860 1762 nisi
886 1709 948 1761 tum
978 1708 1202 1776 commemorat,
1229 1703 1282 1761 abi
1306 1705 1373 1782 ipsa

157 1789 312 1868 temporis,
334 1789 412 1866 quod
428 1789 494 1866 quis
508 1789 540 1847 in
555 1787 722 1847 sacerdotio
737 1789 845 1866 exegit,
867 1785 1001 1847 brevitas
1014 1788 1132 1846 insoliti
1142 1785 1217 1866 quid
1228 1785 1318 1845 babet
1327 1786 1354 1868 e)
1361 1809 1373 1862 ,ς

155 1873 297 1934 Ananiam
314 1880 421 1946 tamen,
433 1871 517 1932 Gabii
531 1890 743 1946 successorem,
755 1872 868 1932 diserte
882 1870 979 1931 tribas
992 1871 1143 1932 ιιιοιυιίἀυο
1150 1872 1375 1951 praeterlapsis

159 1957 313 2038 dignitate
339 1957 492 2018 deiectam
520 1975 588 2016 ease
616 1955 738 2034 prodat:
774 1956 853 2015 banc
881 1957 1042 2035 temporis,
1074 1975 1132 2035 qua
1155 1955 1207 2016 ille
1234 1957 1374 2036 potestati
1400 2010 1403 2014 ,

156 2043 332 2124 praefuerit,
355 2042 558 2122 exiguitatem
579 2060 647 2100 rem·
666 2039 887 2101 memorabilem
909 2049 940 2100 et
958 2040 999 2111 ab
1022 2058 1070 2114 ea,
1092 2055 1172 2120 qaae
1192 2048 1259 2100 tum
1280 2048 1372 2114 esset,

158 2125 379 2189 consuetudine
406 2127 539 2186 alienam
559 2126 665 2203 fnisse
690 2125 810 2187 indicat.
853 2124 942 2185 Unde
969 2131 1054 2186 certo
1085 2125 1263 2196 concludere
1293 2125 1375 2203 licet,

158 2211 282 2272 cebium
304 2211 429 2285 diutius,
456 2229 514 2270 ιιοιι
543 2211 640 2270 dicam
666 2229 771 2270 mense
797 2227 872 2284 uno,
900 2209 954 2270 sed
980 2210 1075 2271 tribus
1096 2210 1202 2271 saltem
1222 2211 1374 2271 mensibus

158 2296 363 2377 pontificatum
385 2295 615 2355 administrasse.
659 2294 750 2371 Quae
765 2313 855 2374 quum
875 2295 917 2354 ita
939 2295 1014 2368 sint,
1044 2313 1112 2370 eos,
1135 2294 1302 2374 dequibus
1324 2314 1373 2357 su·

159 2380 378 2462 prediximus,
400 2378 574 2440 ludaeorum
596 2379 725 2458 legatos,
754 2380 925 2458 priusquam
947 2379 1085 2458 Poppaea
1104 2379 1217 2440 Neroni
1239 2380 1388 2457 nuberet,-

157 2468 189 2526 in
210 2464 324 2526 ltaliam
343 2465 479 2540 venisse,
509 2471 540 2524 et
565 2462 722 2543 losepbnm
749 2464 828 2524 illam
856 2483 912 2544 per
934 2457 1126 2550 πρόληψιν,
1147 2470 1181 2526 ut
1206 2465 1374 2543 loquuntur,

161 2551 305 2630 principis
326 2550 464 2630 γυναῖκα
485 2549 655 2628 appellasse
678 2549 819 2627 sequitur.
863 2548 969 2628 Neque
991 2551 1105 2622 mirum,
1127 2566 1186 2610 non
1205 2548 1292 2609 aliam
1313 2556 1375 2610 tum
1407 2625 1410 2634 ι

158 2635 256 2707 fuisse
282 2634 399 2694 mulieri
426 2634 644 2707 anctoritatem,
674 2652 709 2694 ac
731 2634 757 2693 si
778 2633 836 2692 iam
858 2633 995 2694 Caesaris
1022 2635 1129 2695 coniux
1156 2632 1278 2719 fuissem
1306 2653 1375 2695 nam

160 2725 192 2780 ct
213 2718 340 2779 adulteri
360 2719 488 2779 Neronis
509 2715 607 2800 (ouius
629 2717 729 2797 pellex
750 2718 849 2778 fuerat
869 2717 940 2777 inde
961 2720 998 2778 ab
1013 2739 1039 2778 a.
1055 2715 1123 2800 58.)
1145 2725 1176 2777 ct
1189 2718 1289 2779 mariti
1310 2738 1376 2779 eam

158 2808 312 2884 potentem
334 2803 428 2865 fuisse
442 2798 627 2882 novimusf).
644 2838 675 2848 -
689 2794 694 2808 '
706 2801 983 2885 Lorenaiusg),
1005 2810 1039 2864 ut
1054 2802 1191 2863 Albinum
1212 2822 1238 2862 a.
1256 2802 1306 2863 62.
1329 2803 1376 2863 lu-

159 2889 242 2949 daeis
269 2889 465 2969 praefectum>
480 2907 549 2950 esse
577 2888 778 2962 demonstret,
806 2889 847 2948 ita
868 2893 1106 2970 argumentatur:
1127 2885 1236 2951 'Flavio
1257 2891 1374 2970 testea)

163 3075 364 3092 mnu—..un-

224 3195 267 3258 20,
284 3197 310 3256 8,
330 3196 369 3244 11.
464 3193 492 3258 b)
509 3194 592 3245 Parvo
612 3195 683 3245 enim
699 3206 820 3265 ternpore
836 3207 897 3266 post
913 3198 1018 3265 nuptias
1035 3196 1175 3264 Poppaeae
1212 3191 1374 3262 raeterlapso

226 3255 336 3310 Octavia
352 3259 446 3328 periit,
464 3263 539 3312 cuius
555 3273 667 3314 mortem
683 3263 807 3315 incidisse
824 3262 937 3314 vidimus
947 3266 976 3314 in
993 3283 1016 3315 a.
1026 3263 1054 3316 d.
1065 3266 1099 3315 V.
1116 3261 1176 3311 Idus
1192 3213 1281 3310 lunias
1299 3278 1322 3313 a.
1330 3265 1373 3314 62.

171 3365 172 3370 ,
225 3325 536 3399 (cf.p.101.not.p.).
614 3334 641 3397 c)
660 3331 909 3396 lonensem,
929 3337 1013 3397 11.9‚
1033 3334 1056 3381 1.
1124 3330 1155 3396 d)
1172 3329 1233 3379 los.
1250 3327 1317 3380 Ant:
1332 3333 1376 3392 20,

225 3398 251 3460 9,
265 3400 293 3448 ·1.
362 3396 388 3458 e)
405 3396 461 3447 Ter
497 3408 584 3448 caeter
600 3397 691 3449 locum
707 3410 824 3450 nostrum
843 3399 984 3469 Iosephus,
1012 3395 1140 3467 quamdiu
1159 3396 1255 3463 aliquis
1273 3413 1375 3458 eorum,

227 3464 274 3530 qui
293 3461 326 3511 ab
344 3463 458 3514 Herodis
475 3416 514 3518 ll.
534 3475 620 3515 aetate
639 3476 728 3529 erant,
746 3464 904 3534 pontificum
922 3468 1100 3529 maximorum
1115 3481 1158 3517 aas
1175 3481 1263 3515 sacras
1279 3462 1377 3514 mode-

225 3539 300 3578 ratus
317 3530 361 3591 sit,
380 3541 483 3581 namet:
506 3531 569 3582 Ant.
588 3536 629 3597 15,
645 3537 679 3595 3,
696 3538 721 3585 3.
740 3539 782 3598 lt,
802 3541 833 3596 6,
851 3537 875 3585 4.
894 3544 921 3585 et
939 3538 981 3596 18,
998 3538 1024 3600 2,
1041 3538 1066 3584 2.
1099 3529 1141 3584 Aa
1179 3533 1250 3582 riore
1268 3530 1376 3600 quidem

226 3596 287 3646 loco
304 3606 445 3665 postquam
456 3596 643 3648 Aristobulum
662 3599 697 3648 ab
713 3600 820 3652 Herode
837 3599 1007 3652 interfectum
1026 3618 1083 3651 este
1101 3550 1204 3665 retulit,
1223 3613 1277 3668 quo
1295 3601 1377 3666 magis

228 3664 336 3715 sceleris
353 3667 520 3716 atrocitatem
537 3664 709 3731 demonstret,
734 3687 791 3719 rem
809 3669 927 3720 evenisse
945 3666 1030 3733 addit,
1047 3686 1130 3736 quum
1146 3665 1193 3719 ille
1211 3684 1310 3717 annum
1328 3684 1377 3717 ae-

225 3732 401 3786 tatisXVlII.
420 3745 519 3801 ageret,
538 3745 565 3784 et
601 3731 766 3785 ontificatum
782 3753 832 3805 per
849 3753 945 3785 annum
964 3736 1086 3803 gessisset
1103 3754 1197 3798 υνινιι,
1216 3733 1301 3786 altero
1318 3739 1378 3785 loco

226 3799 261 3852 de
277 3800 400 3869 losepbo,
418 3801 515 3852 Ellsmi
532 3752 726 3870 F.‚l0quirur,
754 3805 802 3871 qui
820 3805 926 3856 nonnisi
943 3822 993 3852 uno
1011 3805 1053 3854 die
1069 3815 1153 3855 vestes
1169 3820 1256 3856 sacras
1275 3799 1377 3867 induit3

225 3868 292 3921 Aut.
311 3873 353 3931 18,
370 3873 396 3929 2,
416 3874 440 3921 2.
461 3869 495 3920 de
512 3870 560 3937 iis,
584 3887 652 3939 quos
670 3871 796 3922 Valerius
813 3872 911 3923 Gratus
928 3872 1261 3941 procuratoriaatituerit,
1287 3887 1377 3922 sacer-

226 3934 335 3987 dotibus
350 3939 459 3988 summis
475 3937 656 3989 lraectradit:
678 3935 823 4008 Οὐαλέριος
841 3935 958 4007 rotam,
977 3965 994 3978 ··
1011 3935 1120 4000 παύσας
1148 3938 1277 4007 ἱερᾶσθαι
1291 3933 1377 3988 ’Ἀνα-
1395 3994 1398 3999 ,

183 4004 198 4017 ’“
226 4018 290 4069 νον,
317 3998 502 4072 Ἰσμάηλον
528 4003 656 4073 ἀρχιερέα
679 4003 833 4076 ἀποφαίνει
860 4006 910 4060 τὸν
930 4010 979 4061 τοῦ
1001 4010 1083 4074 Φαβί.
1116 4005 1288 4060 Kaineiton
1303 4003 1386 4075 μετ’,

232 4067 271 4119 οὐ
289 4068 379 4122 πολὺ
396 4066 582 4139 μεταστήσας,
597 4068 803 4142 Ἐλεάζαρον
819 4072 867 4125 τὸν
880 4069 995 4127 >trimo
1006 4079 1054 4126 τοῦ
1066 4073 1212 4141 ἀρχιερέως
1227 4066 1288 4122 υἱὸν
1304 4068 1379 4122 ἀνιο-

229 4135 370 4195 δείκνυσιν
394 4137 531 4209 ἀρχιερέα.
571 4135 753 4191 ’arsames
781 4140 813 4190 ἀὲ
838 4141 1055 4210 διαγενομένου,
1083 4141 1131 4191 καὶ
1154 4133 1235 4190 τόνδε
1262 4131 1379 4205 παύσας,

228 4206 367 4274 Σίμωνι
384 4209 422 4272 τῷ
438 4208 572 4276 Καμίθου
591 4204 640 4270 τὴν
657 4202 862 4274 ἀρχιερωσύνην
875 4205 1078 4274 παραδίδωσιν.
1104 4204 1143 4258 ot
1154 4205 1240 4258 πλέον
1251 4204 1298 4255 καὶ
1309 4206 1380 4274 τῷδε

227 4272 385 4326 ἐνιαυτοῦ
412 4271 463 4339 τὴν
480 4270 561 4342 τιμὴν
579 4271 671 4340 ἔχοντι
688 4272 796 4340 ἐγένετο
809 4270 921 4346 χρόνος,
939 4274 986 4326 καὶ
1000 4269 1177 4339 Ἰώσηπος,
1195 4269 1210 4324 d
1227 4273 1275 4324 καὶ
1290 4269 1379 4326 Ketai-

228 4357 301 4410 φας,
328 4335 459 4409 διάδοχος
474 4329 511 4408 ἦν
530 4338 612 4407 αὐτῷ.
646 4338 707 4414 Quo
725 4340 836 4411 quidem
851 4341 912 4393 loco
929 4340 1095 4408 singulorum
1108 4350 1166 4392 tem
1188 4354 1234 4392 ora
1251 4343 1309 4393 sine
1325 4342 1378 4392 du-

225 4408 274 4460 bio
291 4407 355 4459 ideo
363 4420 561 4477 commemorat,
579 4407 661 4479 quod,
680 4411 729 4461 etsi
746 4428 801 4463 ιιοιι
817 4410 928 4484 preceps=
942 4409 1059 4462 alienum
1078 4414 1138 4461 'erat
1158 4358 1197 4460 al,-
1208 4427 1259 4460 asu
1284 4411 1378 4462 aetatis

226 4475 310 4542 illins,
319 4487 350 4527 ut
358 4478 417 4545 qais
427 4496 476 4546 per
487 4496 569 4528 unam
578 4478 766 4530 tantummodo
778 4496 876 4530 annum
887 4476 1066 4530 sacerdotium
1075 4476 1280 4545 administrarat,
1289 4489 1378 4531 tanen

226 4555 335 4616 praeter
362 4546 582 4598 consuetudinem
599 4558 650 4597 trec
674 4548 795 4616 deinceps
811 4547 915 4599 muneri
932 4562 1008 4598 sacro
1025 4563 1080 4598 ιιοιι
1096 4547 1212 4618 amplius
1237 4562 1306 4596 anno
1323 4563 1377 4598 uno

225 4611 408 4685 praebuerant.
443 4614 446 4619 ’
466 4613 511 4687 s)
528 4615 600 4670 Ana.
610 4617 653 4682 14,
662 4618 704 4668 60.
766 4615 899 4686 ‘ortum
916 4613 1128 4685 Panl.p,810q.
1150 4646 1165 4675 ·.
1204 4614 1236 4680 b)
1252 4612 1316 4667 Ant.
1332 4618 1377 4680 2⁰,
