2956 5168
132 279 195 342 uo
255 322 259 327 -
301 276 386 340 cnr.
406 276 457 339 lll.
499 275 556 338 uu
575 274 1004 339 numantinusunauri
1025 274 1183 352 Rullum,

132 448 317 512 intervallum
345 447 576 527 exspectandum
605 447 714 520 fuisse,
751 446 846 506 donec
868 464 971 507 narem
992 446 1177 519 iuvenirent,
1213 464 1275 525 qna
1304 464 1355 521 eo,

133 555 191 614 qun
212 533 340 605 vellent,
370 532 566 591 veherentur:
594 531 625 591 id
652 534 683 591 in
709 550 745 592 re
765 537 867 591 nostra
896 528 1004 590 nullius
1034 541 1080 591 est
1101 532 1262 606 momenti,
1283 533 1357 610 quia

133 627 165 681 et
191 624 304 679 nutum
334 622 399 677 erat
426 616 549 676 llomam
577 617 655 675 inter
688 622 720 674 et
753 613 929 675 corinthum
961 616 1184 691 commercium,
1217 620 1252 676 ut
1280 618 1356 677 marl

133 710 238 779 aperto
266 702 368 781 plnres
397 702 499 778 quovis
527 719 629 759 mense
658 718 748 760 naves
779 719 815 759 ex
842 701 936 760 altero
966 701 1032 760 loeo
1053 701 1085 759 in
1106 701 1233 762 alterum
1254 705 1356 762 teten-

133 789 216 848 disse
235 805 291 866 per
314 806 348 846 se
369 793 485 865 pateat,
508 794 538 844 et
559 785 590 844 in
612 804 726 844 summa
748 805 851 844 cursus
874 785 1012 844 tarditate
1033 785 1080 844 rix
1099 785 1216 865 longius
1237 784 1356 846 duobus

53 926 68 951 ,
105 871 284 943 ,mensibus
320 872 446 948 spatium
481 870 512 929 in
543 869 650 930 itinere
678 887 716 929 ex
742 868 825 930 ltalia
850 869 880 929 in
906 868 1048 930 Achaiam
1076 864 1215 930 iaciendo
1247 888 1356 931 conan-

132 956 272 1019 meudurn
292 960 367 1017 erat.
421 1014 424 1019 .

1142 1054 1151 1083 ί

216 1108 277 1168 lam
305 1107 331 1166 si
353 1106 521 1185 quaeritur,
559 1103 680 1183 quanm
710 1102 856 1164 Οἰααάίαα
886 1101 1017 1164 Iudaeos
1045 1125 1086 1165 en
1120 1105 1206 1171 urle,
1235 1105 1359 1187 digredi

131 1193 274 1264 iusserit,
296 1210 332 1251 ea
363 1193 403 1251 da
433 1209 467 1250 re
497 1208 534 1250 ex
563 1196 697 1249 veterum
727 1189 904 1249 testimoniis
932 1191 1096 1251 nonsatis
1130 1197 1258 1253 constat.
1312 1192 1356 1253 Aa

134 1276 339 1338 Suetonius
355 1270 388 1357 q)
411 1274 542 1353 quidem,
566 1274 623 1334 etei
644 1274 810 1353 principem
831 1273 976 1347 „ludaeos
998 1274 1162 1353 impulsore
1183 1274 1316 1338 Chresto
1328 1273 1355 1359 r)

132 1360 252 1423 assidue
271 1359 484 1421 tumultuantes
505 1358 600 1417 Roma
622 1359 795 1436 eupulisse‘⁶
816 1358 931 1431 refert,
954 1365 1068 1432 lamen,
1096 1380 1154 1440 quo
1175 1361 1250 1421 illnd
1279 1364 1355 1423 duno

133 1445 288 1519 acciderit,
309 1450 342 1505 ut
363 1444 450 1517 solet,
472 1450 575 1503 notare
596 1444 705 1502 omisit.
755 1442 841 1518 Quod
863 1461 935 1503 vero
956 1442 1031 1504 itio
1052 1442 1216 1507 Cassius
1231 1448 1278 1518 s),
1307 1446 1355 1509 ubi

131 1532 172 1591 de
204 1529 294 1591 rebus
321 1526 450 1609 loquitur
482 1527 537 1590 sub
566 1528 681 1587 initium
709 1527 827 1608 imperii
849 1526 1003 1587 Claudiani
1029 1530 1138 1606 gestis,
1167 1525 1249 1604 τοὺς
1274 1522 1355 1593 ’Ioe-

133 1608 269 1689 doloog,
291 1614 347 1687 ait,
368 1602 619 1686 πλεονάσαντας
639 1601 757 1687 αὖθις,
793 1605 879 1674 ὥστε
899 1609 1054 1689 χαλεπῶς
1076 1604 1117 1675 dv
1148 1602 1227 1677 daeo
1248 1635 1354 1700 ταρα-

131 1696 192 1783 χῆς
216 1690 286 1763 ὑπὸ
313 1697 374 1761 τοῦ
404 1689 504 1776 ὄχλου
532 1696 626 1781 σφῶν
646 1696 707 1780 τῆς
728 1688 862 1770 πόλεως
889 1689 1083 1781 εἱρχθῆναι,
1121 1689 1183 1760 οὐκ
1211 1692 1354 1784 ἐξήλασε

131 1779 208 1863 μὲν,
240 1782 290 1868 aqi
311 1778 349 1847 δὲ
382 1777 422 1866 δὴ
445 1778 577 1865 πατρίῳ
600 1773 691 1865 νόμῳ
713 1778 777 1866 βίῳ
798 1779 989 1865 χρωμένους
1011 1776 1161 1847 ἐκέλευσε
1182 1779 1230 1866 μὴ
1255 1803 1355 1847 συνα-

131 1862 356 1955 θροίζεσθαι,
394 1886 431 1927 eo
457 1873 570 1927 tantum
600 1868 686 1926 abest
717 1872 751 1926 ut
772 1867 905 1945 quaestio
938 1867 1109 1941 dirimatur,
1139 1876 1172 1929 ut
1192 1868 1353 1929 maioribus

130 1953 301 2033 implieetur
325 1951 561 2011 difficultatibus.
609 1950 696 2025 Nam,
723 1957 756 2011 nt
774 1951 907 2031 primunr
937 1950 976 2011 de
996 1953 1189 2031 repugnantia
1212 1954 1354 2029 dieamus,

132 2057 209 2117 quae
229 2037 307 2097 lianc
327 2036 526 2095 narrationem
548 2038 627 2096 inter
648 2042 679 2094 ct
700 2054 745 2109 ea,
767 2054 843 2114 qnae
864 2035 960 2095 Lucas
982 2056 1017 2096 aa
1039 2038 1199 2105 Suetonius
1222 2040 1353 2114 tradunt,

20 2110 23 2115 ⁵
130 2120 307 2193 intercedit,
348 2118 421 2180 lieet
449 2138 513 2179 eam
542 2121 583 2180 ita
611 2120 675 2179 tolli
703 2139 792 2199 posse
819 2119 995 2197 largiamur,
1025 2130 1060 2181 nt
1089 2128 1141 2182 aut
1161 2122 1354 2204 imperatoris

130 2204 309 2280 mandatum,
332 2224 390 2283 quo
411 2205 487 2264 sacri
507 2203 681 2264 ludaeorum
703 2209 862 2263 conventus
885 2204 1125 2282 prohibebantur,
1147 2208 1228 2267 inter
1250 2228 1353 2269 cauam

130 2292 285 2351 turbarum
305 2288 469 2361 referatur,
498 2306 570 2366 quas
599 2290 700 2349 durius
721 2288 795 2373 illud
816 2288 854 2347 de
881 2287 997 2349 ludaeis
1025 2290 1170 2368 pellendis
1198 2292 1353 2354 decretum

130 2374 171 2436 slt
197 2374 364 2435 insecutum
379 2370 424 2454 τ),
459 2379 509 2433 aut
536 2375 609 2447 hoc,
646 2373 685 2434 de
707 2393 764 2453 quo
786 2372 843 2433 llio
872 2374 948 2451 agit,
983 2374 1095 2434 iussum
1124 2376 1269 2440 effecisse
1296 2384 1352 2439 sta·

129 2464 239 2534 luatur,
275 2464 309 2519 ut
339 2457 515 2519 ludaeorum
550 2459 670 2539 plurimi
705 2460 809 2519 urbem
837 2458 1040 2536 relinquerent
1055 2456 1105 2542 v),
1143 2460 1219 2522 haee
1254 2469 1352 2523 tamen
1382 2502 1396 2541 g

130 2542 249 2605 nonnisi
272 2543 304 2605 iu
332 2543 455 2603 incertis
487 2544 585 2624 posita
611 2561 680 2603 esse
701 2544 895 2615 coniecturis,
917 2545 983 2621 quis
1005 2550 1054 2604 est
1075 2545 1146 2623 quin
1167 2547 1353 2627 perspiciati
1388 2546 1394 2559 ’

128 2624 260 2700 Deinde,
282 2645 380 2689 aunon
401 2626 484 2700 illud,
506 2627 587 2705 quod
615 2625 759 2687 aCassio
786 2627 947 2687 memoriae
968 2629 1115 2708 proditum
1138 2636 1201 2705 est,
1231 2631 1352 2692 manda·

129 2717 192 2772 tum
218 2718 303 2773 recte
330 2713 427 2792 primo
456 2710 572 2771 claudii
599 2728 678 2771 anno
706 2713 890 2790 assignetur,
920 2719 981 2785 est,
1012 2712 1201 2793 quodquam
1225 2718 1353 2777 maxime
1390 2752 1396 2797 ·.

129 2796 306 2859 dubitemus.
357 2796 434 2857 Nam
464 2795 568 2855 eodem
596 2814 677 2855 anno
699 2795 839 2857 Claudius
868 2813 928 2857 non
949 2797 1044 2857 solum
1066 2797 1190 2859 Iudaeae
1211 2801 1352 2862 Atesan-
1386 2804 1390 2813 '

129 2880 227 2941 drinio
241 2881 337 2941 libere
357 2880 474 2960 legibus
496 2882 558 2941 suis
579 2880 625 2941 uti
643 2882 803 2954 noncessit,
826 2880 880 2941 sed
903 2886 935 2940 et
956 2882 1054 2942 edicto
1075 2885 1181 2958 sanxit,
1204 2892 1239 2946 ut
1252 2885 1359 2947 ludaei·

129 2959 170 3031 ἒν
194 2959 314 3049 πάσῃ
339 2964 388 3051 τῇ
418 2955 497 3027 ὑπὸ
516 2956 752 3044 Ῥωμαίους
779 2957 984 3051 ἡγεμονία
1012 2968 1117 3027 iisdem
1139 2973 1230 3047 atque
1252 2970 1352 3031 ludaei

129 3049 324 3110 Alexandrini
344 3049 458 3110 iuribus
478 3049 658 3128 gauderent,
689 3052 759 3129 quin
781 3051 895 3111 diserte
915 3051 1045 3126 addidit,
1075 3051 1152 3113 selle
1173 3072 1218 3127 se,
1241 3062 1275 3117 ut
1296 3056 1351 3117 lroe

129 3134 261 3197 edietum
283 3153 341 3194 non
361 3133 449 3195 modo
470 3134 502 3195 in
522 3134 637 3213 reliquo
659 3136 748 3208 orbe,
771 3136 825 3195 red
845 3143 876 3196 et
896 3133 929 3192 in
950 3135 1044 3195 Italia
1065 3138 1094 3196 in
1116 3138 1265 3200 eiusmodi
1286 3140 1354 3201 alli-

128 3227 253 3300 geretur
273 3220 358 3293 looir,
379 3226 413 3280 ut
434 3219 473 3281 de
492 3219 580 3299 plano
602 3226 686 3279 reete
706 3219 767 3298 legi
787 3226 890 3299 posset
905 3217 951 3303 x).
1013 3220 1113 3300 Atque
1141 3222 1199 3282 lroe
1230 3226 1351 3304 quidem
1394 3212 1396 3219 ¹

129 3304 284 3365 decretum
309 3296 390 3364 'auno
422 3303 539 3363 Claudii
565 3305 661 3382 primo
689 3312 818 3363 exeunte
845 3306 892 3365 rel
928 3306 1057 3365 seeundo
1093 3307 1215 3368 ineunte
1254 3310 1351 3370 adlrua

129 3389 267 3462 valuisse,
289 3387 360 3449 inde
381 3388 539 3461 discimus,
569 3389 647 3466 quod
672 3407 707 3448 eo
729 3394 867 3467 tempore
888 3389 1055 3464 Petronius,
1079 3391 1185 3470 Syriae
1205 3412 1350 3475 proprae-

39 3524 42 3529 .
129 3478 188 3547 tor,
208 3472 343 3548 Bonitas,
370 3474 421 3551 qui
453 3474 630 3533 seditionem
650 3474 791 3533 adversus
824 3473 946 3536 ludaeos
970 3482 1136 3551 moverant,
1165 3475 1235 3538 ideo
1264 3480 1350 3540 easti-

128 3556 225 3635 gaait,
253 3557 333 3636 quod
360 3562 462 3618 uontm
490 3556 626 3618 caesaris
654 3558 833 3618 voluntatem
861 3560 1086 3640 impedirerint,
1121 3563 1281 3639 quominus
1305 3564 1348 3624 illl

128 3640 191 3701 ritu
217 3642 312 3721 patrio
338 3642 375 3703 ad
403 3641 499 3739 Deum
534 3643 689 3704 colendum
718 3652 968 3739 congregarentur
978 3641 1019 3728 y).
1077 3643 1156 3724 Quid
1178 3648 1259 3727 quod
1280 3647 1350 3709 illud

134 3834 337 3848 ’,υ-.-

198 3936 227 4004 q)
239 3936 306 3988 vita
317 3934 437 4001 Claudii,
450 3952 471 3987 e.
483 3938 523 3987 25.
587 3935 614 4000 r)
626 3933 692 4006 Quia
703 3936 826 4001 fueritis,
841 3955 919 4004 quem
934 3936 1007 3991 suet.
1019 3935 1160 3990 chrestum
1170 3952 1262 4006 vocat,
1280 3944 1352 3995 esaie

199 4002 365 4077 disputatum
379 4014 419 4054 eet
430 4004 501 4053 inter
511 4002 581 4052 viros
595 4001 697 4055 doctos.
725 4001 765 4056 Cf.
774 4014 881 4072 praeter
899 4003 1012 4056 editores
1024 4006 1146 4057 Suetonii
1162 4008 1226 4061 Wo
1234 4009 1247 4059 l
1255 4010 1273 4060 f
1279 4013 1289 4062 i
1298 4030 1316 4062 u
1325 4031 1352 4062 ru

196 4073 241 4191 qiu
256 4073 328 4124 curis
342 4069 377 4119 ad
388 4069 451 4120 Aet.
465 4074 506 4126 18,
518 4072 572 4135 2.),
588 4080 615 4120 et
631 4087 697 4138 quos
715 4070 786 4121 idem
799 4071 895 4137 (ibid.)
909 4072 1043 4131 laudarit.
1062 4076 1224 4126 Witsiarn
1245 4079 1351 4146 (meles,

189 4178 193 4183 -
220 4134 636 4210 eid.p.90sq.),Glrristian.
656 4137 959 4190 Hebauetreitium
972 4143 1012 4205 (in
1024 4141 1096 4195 dirae
1109 4141 1143 4193 de
1154 4141 1256 4195 Iudaeo
1270 4149 1352 4199 Rarus

198 4207 287 4273 exule,
303 4206 378 4274 Lipa.
399 4208 479 4272 1714,
504 4209 529 4260 4.
556 4223 584 4274 p.
603 4206 755 4271 27-32.)‚
780 4206 994 4259 Michadlem
1013 4210 1097 4276 (Einl.
1115 4210 1148 4273 ll,
1164 4230 1192 4280 p.
1209 4214 1352 4284 1262qu
1394 4256 1396 4261 .

197 4274 381 4343 Meyerum
407 4273 439 4392 g.
458 4292 481 4325 o.
506 4293 533 4343 p.
551 4273 703 4341 83-85.)‚
735 4272 953 4326 Ammonium
980 4278 1027 4343 (iu
1045 4294 1151 4395 prop-²
1183 4297 1268 4349 super
1291 4282 1351 4333 loeo

198 4338 273 4394 Suet.
293 4339 325 4390 de
343 4342 390 4391 rit.
435 4340 506 4392 laud.
526 4346 601 4392 ero.
620 4341 857 4408 Goar.1813,4.),
876 4344 1032 4412 Hugium
1051 4345 1081 4409 (l.
1109 4346 1169 4408 ‚ll,
1187 4366 1214 4417 p.
1226 4351 1350 4419 uelem.

198 4406 253 4459 Sed
265 4410 391 4477 quoniam
406 4409 472 4461 haec
486 4409 682 4478 quaestionilril
693 4405 771 4461 affert
789 4409 824 4460 ad
842 4429 899 4462 rem
917 4424 1034 4463 nostram
1051 4415 1192 4479 momenti,
1209 4416 1351 4468 immorari

197 4475 228 4525 in
244 4493 275 4525 ea
292 4475 435 4529 noluimus.
503 4477 530 4542 s)
547 4476 577 4529 L.
590 4481 631 4528 60.
644 4494 666 4529 e.
681 4481 705 4530 a.
772 4477 798 4545 t)
810 4478 854 4530 Sic
871 4478 1088 4532 Schraderus
1106 4481 1139 4557 (i.
1152 4500 1174 4535 e.
1185 4494 1205 4534 t.
1216 4483 1237 4537 1.
1250 4487 1351 4554 pan).

157 4554 160 4560 '
196 4543 227 4609 v)
244 4544 284 4593 Ita
310 4543 597 4607 Hebensareitiua
614 4542 663 4611 (de
680 4543 975 4615 ludnquomaexule,
993 4552 1100 4618 pitz),
1119 4541 1280 4604 Henkins
1302 4549 1353 4621 (ad

173 4668 177 4673 ,
196 4609 304 4685 Pelagii
313 4608 372 4665 lior.
381 4612 456 4665 Paul.
467 4632 496 4682 p.
504 4612 623 4681 410sq.).
691 4612 796 4680 x)los.
808 4614 920 4682 Anuli),
930 4620 990 4686 5,2.
1001 4621 1026 4670 a.
1094 4616 1126 4689 y)
1135 4618 1173 4672 V.
1185 4617 1231 4672 id.
1246 4619 1285 4677 ils.
1294 4625 1352 4687 6‚³.
