2956 5168
270 210 382 293 oona
402 206 494 276 aer.
516 206 625 275 carr.
646 206 891 275 xv-rxvm.
914 206 1215 275 connumroa
1243 213 1280 275 u.
1335 208 1381 275 ss

131 350 137 379 Ι
163 384 295 448 cessario
316 380 506 445 statuendum
528 384 591 457 est,
621 378 811 463 proiectione
830 380 871 444 ad
890 380 968 445 hanc
987 400 1085 463 nsque
1102 386 1215 445 terram
1235 379 1381 463 producta

162 487 308 550 mgnum
328 466 463 547 apostolo
483 484 599 526 moram
619 465 736 527 allatam
758 484 845 542 ease,
865 467 907 528 ita
926 468 994 546 ipse
1013 486 1200 549 nequaquam
1220 484 1273 543 eo,
1300 466 1381 547 quoi

124 566 129 579 '
162 558 224 619 iter
238 572 301 637 per
323 550 442 612 Maced.
464 559 497 612 et
517 550 595 612 Αολ.
609 552 736 629 suctum
756 551 910 632 usquead
936 551 1086 631 Illyricum
1111 550 1297 627 extenderit,
1325 548 1380 612 sed
1435 546 1441 558 “

163 638 242 721 qnod
263 656 348 700 saera
369 636 537 697 Christiana
559 626 641 698 ἀπὸ
659 626 930 721 Ἰερουσαλὴμ
951 632 1025 701 καλ
1044 628 1181 721 κύκλῳ
1201 630 1300 719 μέχρι
1319 634 1381 699 aori

158 717 347 809 Ἰλλυρικοῦ
367 721 622 796 disseminaverit,
651 736 687 780 ae
706 738 762 800 per
780 719 898 801 longius
919 726 1056 803 tempus,
1076 721 1233 802 quominus
1254 720 1381 784 Romam

163 810 274 881 adiret,
295 806 469 887 impeditum
490 824 560 867 esse
583 809 721 867 testam.

249 891 392 953 Corintho
413 894 511 953 autem
532 889 711 972 apostolum,
734 890 906 971 priusquam
926 886 1103 953 ludaeorum
1121 888 1239 953 munta
1259 894 1381 953 coactns

163 998 220 1058 per
246 975 453 1037 Macedoniam
480 975 590 1037 reverti
618 974 817 1050 decrevisset,
849 973 992 1035 Athenas
1018 974 1163 1055 petiisse,
1194 975 1297 1057 ibique
1325 992 1381 1054 per

164 1070 228 1124 tres
247 1080 366 1121 menses
393 1060 543 1132 haesisse,
577 1079 616 1121 ex
636 1059 720 1121 Actia
742 1059 853 1121 (locere
873 1064 997 1121 conatur
1018 1064 1050 1120 et
1071 1076 1110 1121 ex
1130 1078 1199 1139 epp.
1223 1058 1263 1121 sd
1282 1058 1382 1121 Thes·

164 1145 366 1208 salonicenses
381 1147 510 1224 scriptis.
532 1145 573 1204 Et
586 1145 625 1205 ad
637 1143 713 1204 Acta
733 1143 854 1223 quidem
875 1143 955 1223 qnod
976 1144 1098 1219 attinet,
1119 1144 1226 1205 eodem
1246 1143 1330 1215 loco,
1349 1143 1382 1203 in

164 1250 223 1311 qno
243 1230 332 1310 vulgo
352 1231 468 1290 itineris
491 1229 638 1291 Corinthii
658 1231 838 1290 mentionem
858 1229 926 1293 fieri
947 1228 1091 1303 cedunt,
1113 1226 1201 1291 Schr.
1223 1223 1270 1311 (p.
1295 1225 1381 1311 152.)

163 1314 358 1396 profectionis
394 1316 493 1394 potina
518 1315 549 1375 in
571 1314 710 1373 Atticum
743 1319 901 1392 susceptae
921 1313 1078 1392 vestigium
1098 1312 1219 1382 inuenit.
1261 1312 1383 1375 Etenim

164 1419 229 1481 cap.
243 1398 295 1474 21),
316 1418 343 1459 v.
357 1398 388 1458 2.
411 1417 500 1477 quum
521 1397 641 1477 plurimi
656 1388 818 1472 Ἑλλάδος
838 1416 942 1459 vocem
964 1397 1003 1458 tle
1019 1399 1111 1459 terris
1126 1396 1245 1461 Cracee
1257 1398 1383 1477 loquen-

163 1484 244 1547 tlhus
265 1484 343 1544 ultra
362 1482 441 1542 Mac.
463 1482 619 1541 meridiem
639 1500 744 1541 vmsus
765 1483 829 1541 aitis
849 1482 1080 1562 interpretantes
1094 1483 1206 1543 Lucam
1220 1481 1278 1544 hoc
1291 1482 1382 1542 verbo

163 1570 206 1628 ita
225 1586 312 1629 usum
335 1572 485 1639 censeant,
506 1572 540 1626 ut
553 1584 627 1646 prae
641 1566 752 1626 ceteris
772 1565 812 1625 rie
826 1564 971 1627 Corintho
993 1567 1155 1646 cogitarat
1180 1566 1235 1629 ille
1254 1565 1382 1628 eandem

164 1671 255 1712 seusu
276 1651 426 1712 strictiore
447 1649 487 1711 ‹le
500 1648 677 1731 ιιιςῖοιιίῑιιιι
691 1650 729 1708 iis
750 1650 876 1729 accipit,
897 1669 974 1731 quae
994 1649 1233 1730 Peloponnesum
1252 1652 1331 1711 inter
1352 1654 1384 1710 et

138 1753 146 1765 ·
164 1734 353 1807 Thessaliam,
366 1734 585 1815 atquellpirum
599 1733 785 1795 interiacent.
808 1734 911 1815 ltaque
923 1734 1193 1816 peregrinationem
1201 1733 1384 1797 Corinthiam

163 1823 195 1883 h.
216 1821 237 1880 l.
259 1840 299 1881 ne
324 1826 584 1881 commemoratam
612 1819 749 1899 quidem,
773 1819 830 1881 aad
855 1838 928 1879 vere
950 1838 1016 1879 eam
1036 1824 1206 1902 susceptam
1228 1837 1314 1893 esse,
1345 1834 1384 1880 ex

163 1906 232 1968 net.
254 1904 306 1981 ln,
327 1904 378 1965 21.
399 1902 635 1964 concludendum
655 1907 749 1982 putat.
779 1903 871 1963 Cuius
891 1903 1012 1981 quidem
1030 1905 1197 1967 sententiae
1216 1902 1275 1965 hoc
1294 1902 1385 1964 affert

165 1996 380 2070 argumentum,
394 1989 473 2068 quod
489 1993 521 2049 et
533 1986 630 2049 Lucas
645 1993 677 2048 et
691 1985 811 2062 Paulus,
824 1988 875 2047 ubi
889 1986 1045 2049 Graeciam
1058 1987 1160 2049 dicam
1172 2006 1264 2049 aenan
1276 1986 1383 2051 latiore

164 2081 315 2150 vocatam,
335 2092 395 2134 non
410 2064 592 2148 Ἑλλάδος,
625 2071 680 2133 sed
704 2062 844 2152 Ἀχαΐας
872 2072 994 2133 nomine
1012 2078 1134 2135 utantur
1154 2069 1238 2155 (net.
1259 2070 1311 2149 19,
1332 2070 1384 2132 21.

164 2158 252 2221 Rom.
268 2157 319 2233 15,
333 2157 383 2217 26.
406 2157 424 2216 1
439 2154 549 2218 Thess.
572 2157 602 2231 1,
616 2158 647 2217 ’1.
661 2157 691 2216 8.
706 2153 768 2239 al).
811 2156 854 2217 At
874 2156 993 2231 nescio,
1015 2156 1086 2236 qnid
1106 2156 1255 2238 impedire
1273 2157 1384 2218 Lucam

164 2243 312 2325 potuerit,
345 2242 499 2322 quominus
520 2238 667 2302 alio‘loco
695 2237 846 2322 (fortasse
865 2242 1005 2303 orationis
1026 2241 1184 2305 venantiae
1204 2238 1314 2324 musa)
1334 2260 1385 2303 re-

164 2329 284 2408 gionem
305 2328 431 2389 eandem
450 2323 593 2387 vocabulo
613 2325 688 2401 alio,
710 2326 764 2386 sed
787 2343 824 2385 eo
840 2344 899 2387 non
912 2326 1009 2389 mione
1024 2327 1134 2389 usitato
1148 2323 1196 2410 *),
1217 2327 1384 2408 insigniret.

163 2414 206 2474 lit
226 2412 293 2493 quis
313 2411 434 2473 nudem
454 2430 514 2471 non
535 2428 668 2471 summae
686 2410 818 2471 incuriae
832 2430 901 2472 emn
916 2411 1113 2473 accusandum
1126 2429 1196 2474 esse
1209 2411 1385 2493 perspiciat,

165 2498 207 2572 si,
228 2516 403 2578 quamquam
425 2495 502 2556 hene
523 2513 649 2575 guarus,
680 2493 712 2554 P.
733 2499 798 2555 tnm
818 2494 963 2575 temporis
983 2512 1044 2557 non
1064 2496 1174 2572 solam,
1195 2514 1272 2576 quae
1293 2514 1384 2558 sensu

165 2582 336 2661 angustiore
350 2580 468 2653 dicitnr,
485 2579 643 2641 Graeciam
657 2579 771 2640 obiisse
784 2575 833 2662 m),
848 2585 947 2641 tamen
954 2580 1073 2641 nonnisi
1084 2580 1174 2643 huius
1186 2588 1286 2643 terrae
1299 2598 1384 2642 men-

165 2667 277 2729 tionem
297 2664 476 2726 iniecisset?
511 2664 644 2725 Athenis
664 2670 764 2727 autem
784 2663 972 2743 potissimum
992 2664 1158 2751 apoptolum
1178 2670 1313 2727 uoshnm
1330 2664 1384 2725 illa

165 2754 263 2811 aetate
276 2755 426 2813 versatum
447 2768 525 2825 esse,
547 2747 585 2810 V.
591 2748 676 2810 lien
690 2768 757 2829 epp.
769 2747 919 2809 concludit
929 2748 967 2810 ad
977 2746 1181 2813 Thesadatia.
1196 2749 1277 2828 Quas
1291 2768 1384 2830 quum

164 2834 312 2917 plerique,
333 2839 364 2898 et
384 2834 539 2896 verissime
560 2833 680 2915 quidem
693 2832 744 2917 a),
764 2851 802 2895 eo
822 2839 958 2915 tempore
978 2840 1138 2916 conceptas
1160 2854 1229 2898 esre
1250 2834 1382 2910 credant,

230 3080 322 3122 tamen
350 3081 438 3124 aetate
463 3072 561 3125 rectius
584 3068 708 3126 Corinthi
731 3080 910 3126 commoratus
933 3088 991 3126 esse
1015 3070 1141 3127 traditur.
1165 3099 1200 3113 -·
1214 3068 1383 3123 Usseriaa

232 3138 305 3205 (ann.
328 3139 475 3191 mundiori
493 3159 516 3192 a.
534 3161 570 3195 m.
587 3146 663 3194 4050.
681 3139 743 3195 Chr.
761 3144 835 3211 tlt),
863 3142 908 3193 cui
928 3159 985 3192 non
1006 3139 1166 3193 contradicit
1183 3138 1383 3191 Tillamon-

231 3208 303 3257 tius
330 3208 450 3276 (mimi
475 3213 502 3275 2,
519 3228 550 3278 p.
566 3214 627 3262 551.
644 3212 757 3279 804sq.)
783 3210 1025 3279 peregrinationem
1048 3209 1184 3279 illyricam
1200 3207 1270 3258 inter
1287 3206 1385 3257 itinera

232 3274 311 3325 Pauli
338 3250 584 3345 Hierosoiymitana
605 3282 669 3330 Act.
691 3295 729 3328 cc.
756 3280 804 3329 Xl.
828 3290 857 3329 et
878 3276 943 3330 XV.
966 3275 1068 3327 tradita
1084 3276 1178 3344 ponit,
1200 3292 1256 3344 qua
1273 3270 1384 3341 qnidam

233 3342 386 3393 coniectura
404 3344 584 3413 quodminus
601 3347 637 3396 sit
653 3345 796 3396 verisimile
805 3380 814 3410 ‚
832 3345 880 3395 vix
896 3344 1057 3396 inveniatur.
1123 3342 1151 3408 *)
1168 3338 1212 3395 cl.
1227 3340 1317 3391 Kuin
1327 3356 1383 3393 oe-

231 3408 303 3461 lins
320 3406 356 3460 ari
373 3413 434 3462 Act.
451 3417 495 3477 20,
512 3417 538 3465 2.
617 3411 655 3478 m)
673 3413 788 3464 Soiviase
806 3413 879 3464 enim
895 3413 1011 3476 Lucam,
1029 3410 1181 3481 apostolum
1196 3408 1311 3461 ulterius
1328 3425 1385 3459 esse

254 3493 283 3527 ro
316 3494 420 3541 essum,
442 3476 728 3548 Schraderusp.152.
752 3478 884 3532 concedit.
966 3483 997 3547 n)
1021 3479 1088 3530 liam
1110 3478 1142 3530 in
1164 3475 1278 3549 epistola
1295 3477 1385 3547 priora

231 3494 332 3596 ianua
356 3545 487 3612 capitibus
514 3550 539 3597 1.
563 3556 590 3596 et
613 3551 639 3597 2.
664 3544 699 3597 de
725 3564 756 3597 es
780 3549 885 3598 ratione
901 3545 1025 3612 locutus,
1051 3562 1106 3615 qna
1122 3544 1384 3608 Thessalonicenses,

253 3630 317 3661 uum
333 3612 445 3678 primum
461 3630 490 3663 se
507 3611 542 3661 ad
560 3629 603 3664 eos
621 3613 775 3666 contulisset
791 3613 840 3683 (ci.
858 3630 924 3684 prae
943 3614 1041 3665 ceteris
1055 3618 1083 3681 1,
1099 3615 1140 3681 9.)
1163 3622 1191 3665 at
1206 3628 1235 3665 aa
1250 3614 1341 3683 ipsum
1357 3621 1387 3663 et

232 3630 383 3731 Contrinam
414 3676 592 3731 Christianam
620 3682 808 3750 excepissent,
846 3692 874 3735 et
910 3680 1046 3750 quomodo
1073 3682 1133 3751 ipse
1157 3691 1272 3750 tempore
1298 3680 1386 3729 eodem

233 3749 273 3815 (ι.
287 3749 362 3828 inpr.
378 3752 406 3815 2,
426 3753 451 3800 1.
469 3752 493 3801 2.
511 3758 539 3799 et
556 3765 723 3830 quaensppra
733 3768 763 3831 p:
776 3754 821 3830 ’(0.Ι
830 3748 1024 3818 indicarimus)
1040 3750 1112 3801 inter
1128 3764 1175 3801 eoa
1192 3766 1249 3831 sesa
1267 3747 1385 3829 gesserit,

233 3820 765 3950 itii.i.'·..¹.⁷..⁸i·..⁶titt-'titii
782 3814 1385 3954 tiliitmtii‘tlutu,iniisti}

234 3969 328 4003 eorum
346 3949 480 4003 desiderio
499 3948 683 4003 affectum·bia
697 3954 751 4004 iam
768 3954 907 4005 consilium
925 3954 1026 4025 cepisse
1042 3952 1261 4005 Thessalonicam
1279 3949 1385 4001 adeun-

234 4018 281 4084 di,
314 4030 358 4085 et,
383 4020 511 4088 quoniam
537 4022 546 4070 i
567 4021 589 4071 si
616 4018 751 4090 proficisci
779 4040 835 4073 non
859 4021 982 4087 licuerit,
1011 4020 1185 4073 Timotheum
1208 4017 1324 4068 Athenis
1351 4033 1383 4068 eo

234 4084 355 4151 misisse3
385 4104 464 4155 quem
494 4040 602 4155 qoniam
628 4105 686 4155 cap.
708 4093 734 4153 3,
754 4105 779 4141 v.
799 4094 825 4139 6.
851 4088 934 4138 modo
958 4105 973 4137 a
994 4083 1278 4141 Thessalonicensibus
1304 4081 1340 4135 ad
1355 4100 1384 4135 se

235 4152 346 4205 rediisse
363 4164 484 4206 testatur.
536 4153 602 4205 inde
619 4171 673 4204 non
690 4153 741 4204 hoc
760 4153 846 4205 solum
862 4154 1041 4223 intelligitur,
1068 4150 1219 4224 apostolum
1235 4162 1295 4202 tum
1310 4170 1384 4204 non-

234 4220 288 4271 nisi
305 4220 381 4272 semel
395 4221 466 4273 inter
482 4220 733 4273 Thessalonicenses
752 4221 832 4273 fuisse
848 4233 998 4288 versatum,
1014 4220 1062 4273 sed
1072 4232 1100 4273 ot
1114 4221 1222 4286 literas,
1240 4218 1385 4291 dequibus

235 4287 403 4353 disserimus,
430 4291 589 4358 compositas
613 4305 667 4339 esse
694 4289 764 4339 circa
789 4300 902 4341 aetatem
923 4289 985 4343 Act.
1012 4294 1054 4353 lh,
1071 4291 1098 4342 5.
1121 4286 1298 4359 descriptam,
1330 4304 1384 4357 qua

232 4356 394 4408 Timotheus
407 4356 591 4408 eMacetlonia
608 4354 866 4424 digressusPanlum,
884 4375 968 4426 quum
983 4356 1007 4407 is
1023 4355 1136 4409 Athenis
1151 4356 1252 4409 relictis
1262 4354 1385 4411 Corinthi

234 4424 602 4495 esset(Act.18,1aqq.),
631 4437 797 4478 convenerat.
830 4425 927 4495 Negari
944 4420 1050 4494 qnidam
1069 4442 1125 4479 non
1142 4435 1248 4497 potest,
1275 4441 1331 4474 non
1349 4440 1384 4474 ex

235 4493 310 4544 omni
331 4503 409 4563 parte
431 4510 575 4561 congnrera
596 4490 700 4559 rideri,
725 4510 794 4562 quas
812 4492 875 4545 Act.
902 4497 945 4560 17,
972 4494 1082 4559 14-18,
1099 4496 1142 4558 h,
1169 4504 1198 4545 et
1214 4509 1283 4560 quaa
1301 4489 1383 4543 lTh.

235 4566 263 4625 a,
281 4564 318 4613 la
339 4579 366 4630 q.
393 4558 427 4613 da
454 4562 531 4612 Pauli
558 4578 590 4612 ac
612 4558 750 4613 Timothei
771 4559 852 4613 rebus
875 4559 1010 4630 leguntur.
1043 4562 1112 4615 Nam
1128 4558 1325 4630 apostolus
1342 4574 1382 4625 ea,

237 4628 330 4680 Timet
350 4644 382 4679 eo
400 4627 435 4681 ari
451 4627 701 4682 Thessalonicenses
717 4626 823 4705 legato,
849 4628 937 4682 solum
953 4626 1067 4682 Athenis
1084 4630 1224 4689 morrone,
1250 4644 1281 4679 ae
1298 4626 1382 4679 serius
