2956 5168
354 198 446 270 All'l'.
468 206 521 286 tx,
542 210 668 273 l-al.
689 200 983 274 'autumnavit
1212 205 1275 277 12&

56 376 219 444 tectionem
257 378 403 440 diversam
438 378 544 439 haberi
577 398 636 441 uon
676 400 768 460 posse
805 383 842 441 ab
880 401 933 457 aa,
969 401 1046 461 quae
1073 383 1139 444 Act.
1167 385 1198 459 9,
1221 383 1273 445 26.

57 467 206 539 refertur,
234 483 272 541 ex
293 465 383 542 omni,
394 465 570 549 narrationis
590 484 669 523 nexu
690 466 780 527 facile
800 476 923 546 apparet
938 463 973 549 1).
994 500 1036 511 —
1078 467 1220 528 Ceterum
1241 480 1275 531 et
1324 484 1327 489 '

56 550 223 637 Kochlerus
245 554 277 611 et
298 548 450 633 Calauius,
478 549 547 609 dum
569 548 690 609 Paulum
718 552 796 610 inter
818 554 1039 611 conversionem
1064 559 1094 613 et
1115 554 1233 613 tertium
1256 573 1273 614 a
1317 602 1320 607 .

52 636 257 721 'conversione
286 630 406 693 annum'
430 633 638 712 Hierosolyma
666 636 783 695 venisse
819 637 1011 711 arbitrantur,
1048 638 1182 717 apostolo
1215 640 1274 718 ipsi

56 721 277 793 contradicunt,
309 719 368 797 qui,
398 739 487 797 quum
520 717 585 777 Gal.
609 720 638 793 1,
662 719 809 779 16-18.
836 739 871 780 se
899 740 956 781 non
979 718 1093 795 statim,
1116 729 1273 802 postquam

56 804 177 865 Christo
206 824 240 871 se
268 803 406 891 dederit,
438 804 492 863 sed
524 811 590 882 post
624 804 781 864 triennium
809 802 1018 885 Hierosolyma
1046 808 1172 887 petiisse
1205 827 1274 868 nar-
1378 876 1385 881 Π

55 894 122 964 ret,
159 888 362 969 apertissime,
399 890 434 948 se
471 894 539 949 ante
565 888 653 951 huius
680 889 800 950 triennii
829 890 919 953 linem
947 892 979 951 ia
1007 892 1112 953 urbem
1140 900 1273 955 sanctam
1368 884 1385 909 '³'

54 975 184 1049 senisse,
206 978 304 1053 negat.
384 1034 387 1041 ,

10 1148 12 1155 Ι
52 1126 68 1159 .·.·
142 1076 207 1135 Nec
228 1075 323 1135 mirros
353 1070 629 1156 Whistonusv)
656 1074 789 1151 fallitur,
817 1076 941 1155 q'uiea,
971 1095 1046 1155 quae
1081 1076 1273 1153 Gal.1,18.
1345 1092 1349 1099 ·

56 1161 229 1234 traduntur,
259 1160 348 1238 priris
376 1160 513 1219 evenisse
534 1161 687 1238 opinatur,
728 1180 813 1238 quam
841 1180 916 1239 quae
944 1161 1012 1221 Act.
1036 1163 1066 1236 a
1088 1161 1140 1222 26.
1170 1162 1274 1241 legun·
1320 1186 1323 1201 ·

55 1252 122 1320 tur;
150 1265 216 1305 nam
245 1243 391 1323 quomodo
419 1243 538 1303 tandem
568 1244 617 1319 P.,
644 1264 701 1323 per
728 1245 793 1305 dies
819 1244 876 1306 XV
898 1266 964 1306 cum
986 1244 1076 1309 Petro
1107 1253 1139 1307 et
1157 1246 1273 1309 lambo

57 1329 274 1408 Hierosolymis
301 1334 435 1388 versatus
458 1325 539 1409 (Gal.
561 1332 592 1402 1,
614 1330 664 1389 18.
687 1326 766 1410 lta),
803 1331 899 1391 serius
928 1338 960 1391 et
986 1331 1128 1410 apostolis
1150 1337 1182 1391 et
1203 1331 1274 1391 reli-

55 1416 140 1493 quis,
168 1416 218 1493 qui
246 1414 303 1473 hac
333 1414 364 1471 in
393 1413 469 1472 urbe
500 1420 602 1488 erant,
638 1413 813 1474 Christianis
848 1422 1005 1495 suspectus
1033 1435 1101 1477 esse
1127 1419 1275 1496 potuisset

58 1498 138 1578 (Act.
159 1500 189 1572 9,
210 1493 303 1578 26.)“ἔ
344 1495 504 1557 Praeterea
538 1498 618 1558 idem
649 1500 681 1558 in
715 1518 752 1558 eo
782 1518 900 1578 quoque
932 1507 1028 1574 errat,
1064 1502 1161 1580 quod,
1197 1520 1273 1580 quae

55 1585 124 1645 Act.
139 1586 170 1658 9,
184 1585 235 1643 8⁰.
257 1587 467 1657 memorantur,
488 1587 558 1643 aute
579 1602 625 1658 ea,
647 1602 771 1664 quorum
791 1585 903 1645 mentio
923 1603 951 1644 v.
962 1584 1013 1645 26.
1034 1587 1172 1660 iniicitur,
1196 1587 1273 1645 acci·

56 1669 138 1729 disse
160 1675 252 1747 putat.

143 1785 382 1846 Schmidtius
400 1780 436 1866 x)
463 1785 522 1845 iter
551 1782 742 1859 Gal.l,18.
775 1785 926 1865 proditum
958 1786 996 1846 ab
1018 1806 1071 1861 eo„
1104 1786 1182 1864 quod
1205 1786 1272 1846 Act.

56 1872 108 1947 ll,
129 1873 180 1932 80.
202 1871 368 1949 exponitur,
390 1888 449 1928 non
477 1869 601 1930 differre
627 1875 710 1930 ratus
737 1865 831 1952 (quod
860 1871 966 1948 quibus
995 1871 1091 1931 causis
1120 1865 1272 1950 permotus

55 1957 94 2019 V.
116 1954 151 2016 D.
174 1956 326 2027 statuerit,
354 1953 432 2012 infra
452 1949 598 2035 dicetur),
625 1953 735 2014 Lucam
764 1956 793 2013 ia
822 1955 980 2026 tradenda,
1008 1975 1084 2032 quae
1106 1956 1172 2015 Act.
1194 1975 1218 2015 o.
1241 1956 1273 2015 9.

55 2040 251 2111 describitur,
279 2039 466 2118 profectione
495 2039 637 2099 memoria
663 2039 779 2118 lapsum
808 2056 877 2099 esse
904 2040 1061 2099 existimat.
1111 2039 1224 2100 Verum
1247 2040 1274 2099 si

13 2126 31 2203 '¹
55 2128 113 2188 hac
134 2145 192 2185 una
213 2125 243 2183 in
265 2144 299 2182 re
313 2122 424 2182 Lucam
445 2142 562 2183 errasse
584 2125 779 2197 concesseris,
801 2141 861 2184 non
882 2125 995 2207 poteris
1017 2125 1086 2203 quin
1107 2123 1183 2185 falsa
1205 2144 1273 2184 esse

56 2211 210 2291 longioris,
240 2225 433 2287 quaeeunque
459 2208 539 2267 idem
565 2208 643 2268 inter
664 2209 919 2287 peregrinationes
946 2209 1065 2269 Hieros.
1087 2208 1153 2268 Act.
1177 2229 1220 2269 cc.
1242 2211 1273 2270 9.

56 2303 89 2358 et
110 2295 161 2356 11.
193 2293 302 2353 relatas
330 2292 422 2350 Paulo
450 2294 585 2352 evenisse
613 2299 722 2353 narrat
778 2293 883 2373 Neque
920 2294 997 2353 enim
1019 2292 1127 2354 Paulus
1149 2313 1184 2354 se
1204 2301 1274 2355 ante
1395 2316 1398 2321 ·

55 2383 115 2443 iter
137 2378 202 2440 Gal.
225 2380 254 2449 1,
278 2376 328 2437 18.
357 2383 616 2438 commemoratum
646 2376 776 2437 Tarsum
804 2377 851 2437 vel
873 2378 1057 2439 Antiochiam
1086 2380 1205 2439 venisse
1227 2378 1274 2458 (id

55 2466 136 2547 quod
157 2465 224 2524 Act.
246 2464 277 2537 9,
298 2462 351 2522 30.
383 2462 435 2533 ll,
458 2461 500 2520 25
514 2481 576 2541 sqq.
605 2457 762 2541 traditur),
799 2463 853 2522 sed
879 2463 909 2522 in
938 2464 1048 2523 Arabia
1077 2471 1108 2524 et
1135 2462 1274 2524 Damasei

55 2554 205 2611 versatum
227 2567 305 2621 esse,
327 2565 424 2625 neque
446 2546 601 2607 Antiochia
622 2549 714 2623 (utin
729 2547 812 2606 Actis
827 2552 882 2624 est,
899 2548 948 2622 11,
963 2549 1014 2609 8⁰.
1026 2547 1073 2607 cll.
1089 2567 1116 2606 v.
1131 2544 1273 2632 25sqq.),

56 2634 112 2696 sed
140 2634 284 2715 Damasco
309 2630 519 2709 Hierosolyma
547 2632 672 2712 petiisse
699 2638 837 2692 testatur.
893 2633 977 2709 Quae
1005 2639 1105 2692 tamea
1130 2634 1227 2692 omnia
1254 2650 1274 2693 a
1392 2664 1399 2673 ·

12 2756 15 2761 -
56 2719 182 2779 veritate
210 2718 305 2777 aliena
325 2735 408 2791 esse,
430 2718 474 2775 uti
495 2736 550 2794 per
575 2735 610 2777 se
630 2717 808 2779 incredibile
830 2724 894 2792 cst,
916 2719 958 2778 ita
986 2736 1024 2776 ne
1053 2718 1121 2797 ipse
1153 2716 1272 2796 quidem

56 2804 237 2865 Schmidtius
259 2800 409 2861 contendit
422 2795 463 2881 y),
478 2833 518 2844 -
534 2833 576 2846 --

141 2904 198 2963 His
227 2902 385 2976 absolutis,
417 2901 579 2981 proximum
610 2907 670 2978 est,
697 2910 731 2965 ut
749 2901 788 2964 de
806 2903 917 2963 itsisere
936 2922 1121 2985 praeeramus
1150 2901 1273 2983 Gom,

57 2990 155 3069 lsqq.
179 2988 324 3066 seposito.
391 2987 455 3063 Qua
483 2988 513 3045 in
541 2986 748 3066 disputatione
777 2995 846 3049 ante
874 2991 972 3048 omnia
1000 2989 1089 3051 dubia
1118 2988 1272 3069 quaedam,

55 3093 134 3155 quae
154 3073 193 3133 de
213 3073 383 3153 integritate
403 3071 539 3132 lectionis
561 3072 700 3133 versiculi
714 3073 744 3132 1.
759 3073 866 3153 partim
886 3094 957 3135 vere
978 3080 1142 3149 moventur,
1163 3073 1271 3153 partim

10 3204 15 3223 .
56 3159 169 3221 moveri
190 3165 273 3219 certe
295 3161 413 3238 queant,
437 3155 576 3217 solvenda
598 3164 676 3217 sunt.
710 3154 713 3159 ’

1312 2970 1320 3013 i

142 3275 272 3335 Primum
301 3264 571 3356 igitur'interpres
600 3274 693 3353 Syrus
721 3275 939 3355 antiquissimus
967 3295 1022 3355 pro
1052 3274 1164 3335 verbis:
1199 3269 1271 3339 διὰ

10 3386 23 3433 s
55 3352 310 3447 δεκατεσσάρων
337 3354 551 3474 ἒξῶνγΙεςίεῗο
577 3359 670 3419 videri
699 3362 809 3441 possit:
845 3356 927 3446 πρὸ
964 3358 1074 3422 desae.
1099 3354 1157 3435 &ca
1183 3360 1273 3422 vertit
1348 3442 1355 3449 ss

308 3449 323 3473 ἢ
382 3445 395 3475 7
623 3457 638 3480 η,

55 3499 150 3559 enim:
174 3509 262 3581 <sa-s
295 3479 435 3569 lamii
473 3495 552 3582 >⁰5⁰
579 3498 655 3579 ῥέῃ
694 3513 791 3575 neque
812 3495 867 3555 alia
887 3495 917 3555 in
940 3495 1042 3554 codice
1065 3495 1125 3556 ullo
1147 3494 1270 3576 scriptio
1349 3528 1353 3533 ·

54 3579 228 3678 reperitur,=
258 3603 385 3678 excepto
412 3615 471 3657 uno
498 3594 696 3676 Raphelengii
726 3592 953 3675 colonienstz),
991 3596 1088 3657 literis
1120 3596 1271 3677 quadratis

56 3690 187 3757 exarato,
209 3683 259 3743 ubi
279 3694 344 3746 nn:
366 3694 425 3763 pa,
459 3680 513 3741 sed
541 3698 579 3739 ax
609 3700 693 3741 mero
721 3682 890 3759 corrigendi
911 3681 1025 3755 studio,
1056 3683 1185 3761 positum
1215 3688 1270 3743 est

54 3767 166 3830 Veram
188 3769 236 3828 vix
264 3767 350 3827 aliam
372 3767 476 3847 Syrus,
498 3785 586 3851 quam
608 3784 684 3846 quaa
704 3765 833 3844 vulgaris
856 3772 912 3842 est,
933 3766 1092 3827 lectionem
1114 3768 1146 3833 ln
1168 3767 1272 3831 codice

53 3872 110 3915 sao
131 3853 377 3934 deprehendisse,
398 3852 454 3913 sed
474 3859 525 3913 aut
544 3852 758 3931 praepositioni
780 3847 837 3915 διὰ
851 3852 947 3915 minus
968 3856 1053 3915 recte
1074 3853 1269 3933 significatam

51 4037 253 4051 m

122 4150 948 4287 n0nnnctrusumscotasse
972 4148 1271 4271 minum

179 4259 186 4272 ι
396 4258 403 4270 ι
602 4255 609 4269 ο
646 4252 655 4278 p
695 4256 700 4269 ι

141 4288 196 4337 rius
209 4288 359 4339 institutum
378 4303 434 4337 csse
452 4256 552 4345 credat,
570 4284 683 4337 addidit.
751 4287 776 4350 t)
800 4282 851 4351 ct,
871 4253 1101 4354 quae’rectisaima
1119 4255 1159 4337 da,
1169 4284 1220 4338 hac
1238 4304 1266 4339 ra

122 4306 330 4406 §oehlerus
347 4352 672 4424 disputavit(Ablassgszt
690 4363 740 4405 eta.
757 4371 784 4421 p.
797 4356 844 4421 4.).
911 4354 941 4419 o)
958 4352 985 4402 A
1006 4351 1042 4401 ud
1058 4352 1270 4407 Samiorum

124 4422 267 4493 (paraphr.
307 4424 337 4473 in
369 4441 412 4492 ap.
439 4420 475 4471 ad
498 4420 572 4489 Gal,
598 4420 669 4490 prol.
697 4439 725 4490 p.
745 4421 816 4487 80.).
916 4422 950 4487 x)
977 4372 1104 4475 glas-onai.
1140 4421 1166 4475 d.
1190 4422 1269 4492 Ap.-

124 4489 219 4544 Gesch,
242 4510 270 4560 p.
292 4494 348 4543 133,
448 4491 479 4559 y)
497 4490 532 4542 V.
557 4508 586 4559 p.
609 4494 655 4541 129
673 4506 725 4558 sq„
742 4488 789 4539 uhi
818 4488 970 4557 apostolum
992 4488 1137 4541 Antiochia
1158 4500 1268 4571 propter

123 4558 221 4611 lumem
239 4557 274 4608 ab
294 4555 391 4624 AgaBo
432 4556 578 4609 raedictam
601 4557 633 4609 ia
655 4556 749 4609 arbam
774 4565 893 4607 sancum
913 4556 1065 4627 profaotmn
1089 4575 1146 4610 esse
1168 4555 1268 4611 scribit.

124 4627 152 4695 a)
174 4627 256 4680 Tasta
287 4576 464 4693 Sohaalio
500 4627 531 4677 in
555 4642 604 4677 sua
624 4642 691 4678 vara
717 4623 779 4693 Syr.
803 4623 939 4689 editions,
969 4637 1025 4681 not.
1050 4626 1110 4678 crit.
1134 4623 1171 4676 ad
1194 4623 1221 4678 h.
1247 4622 1267 4678 l.
