2956 5168
164 187 276 269 ouon
295 184 386 249 scr.
409 182 521 250 carr.
542 181 787 247 xv-xxvur
810 170 1112 247 conrmuurun
1134 186 1168 247 n.
1238 189 1279 252 or

15 411 18 418 .
58 364 194 424 novimus
209 357 249 442 o).
291 357 373 419 Nero
404 357 555 436 imperare
584 354 684 435 coepit
716 374 743 415 a.
770 353 798 414 d.
825 352 874 415 111.
903 353 947 414 ld.
972 353 1040 415 Oct.
1061 374 1088 415 a.
1109 352 1163 415 ot.
1204 356 1281 419 Pau·

10 482 12 489 ·
57 448 109 511 lus
129 440 209 507 cuca
229 448 425 524 pentecosten
453 444 486 503 iu
505 441 581 501 urbe
602 444 703 502 sancta
725 447 829 519 ceptus
850 436 963 518 θείης
999 459 1072 519 ergo
1092 460 1151 503 nec
1170 441 1282 507 Paulus

11 534 17 604 J
59 538 130 593 arrto
149 552 178 591 a.
201 527 254 590 bb.
275 527 401 589 vinculis
423 534 470 590 cat
491 526 670 601 adstrictus,
697 542 755 585 nec
781 523 879 585 Felir'
895 524 978 604 prius
999 543 1078 586 anuo
1099 524 1151 586 57.
1174 546 1214 589 cx
1233 527 1281 590 lu-

12 605 30 676 .ἶ
58 618 136 679 daea
156 614 296 677 discessit
310 610 352 692 q).

11 700 27 794 p
129 700 279 761 'Ulterius
306 698 395 759 etiam
422 696 564 779 progredi
590 696 675 755 nobis
703 694 851 774 permittit
878 692 1000 755 effatum
1027 695 1096 756 Act.
1124 694 1184 773 24,
1212 699 1282 773 lu,

10 778 1283 933 ⁸1*tl,¹25⁰rtttttlltattl2'titisoffitltltttltti‘t

64 916 69 923 ‘
577 911 588 941 i
851 906 862 937 ὃ
972 907 982 937 t

22 1029 27 1040 Ι
51 914 245 1041 ‚socciferi
266 945 362 1017 ἔθνει
382 945 489 1036 τούτῳ
511 943 755 1029 ἐπιστάμενος,
787 939 1014 1033 εὐθαμόιερον
1035 939 1282 1032 ἀπολογοῦμαι.

60 1039 176 1117 Quibus
190 1040 249 1100 etsi
262 1040 330 1119 ipse
343 1056 485 1100 annorum
500 1055 650 1110 uumerus,
673 1037 724 1113 qui
738 1035 775 1094 ab
789 1034 873 1094 initio
888 1034 1019 1094 muneris
1034 1035 1071 1095 ab
1085 1035 1137 1095 illo
1152 1039 1230 1117 gesti
1244 1038 1283 1101 ed

10 1134 19 1213 ζ
51 1124 140 1189 diano
154 1142 250 1227 usque
272 1124 435 1184 orationem
458 1122 647 1193 effluxerunt,
670 1120 789 1181 deliniri
802 1120 924 1198 nequit:
945 1118 1019 1179 illud
1033 1128 1134 1180 tamen
1148 1128 1283 1202 apparet,
1343 1182 1347 1190 ,

59 1204 174 1273 πολλὰ
200 1204 257 1291 ἔτη
287 1226 346 1269 nou
374 1227 466 1287 posse
495 1207 535 1268 de
562 1206 657 1268 tribus
687 1210 849 1283 quatuorve
876 1202 961 1263 anuis
989 1203 1126 1284 intelligi.
1179 1206 1283 1285 ltaque

58 1294 121 1355 lroc
141 1294 246 1355 saltem
261 1293 478 1372 cognoscimus,
499 1290 623 1351 Paulum
643 1291 702 1349 iata
723 1308 782 1350 non
803 1296 873 1349 ante
894 1288 1035 1367 qus'rrtum
1057 1298 1140 1351 certe
1161 1292 1284 1371 praeie-

58 1386 164 1441 cturae
184 1378 296 1439 Felicis
317 1396 425 1437 annum
448 1373 514 1455 (57.
534 1396 560 1435 a.
576 1370 642 1457 ln),
664 1375 766 1435 dicere
787 1373 931 1451 potuisse,
954 1373 1089 1434 Felicem
1109 1376 1200 1456 igitur
1220 1395 1283 1436 non

15 1467 42 1509 'a
57 1472 137 1524 ante
157 1480 186 1523 a.
206 1462 259 1523 59.
281 1482 299 1521 e
317 1460 475 1541 provincio
502 1458 629 1529 obiisse;
655 1459 713 1520 etsi
735 1476 790 1537 per
810 1458 870 1517 viru
890 1458 1063 1519 verborum:
1086 1455 1124 1522 ἐκ
1145 1457 1283 1524 πολλῶν

56 1542 143 1611 ἐτῶν
164 1545 348 1627 probabilius
369 1546 408 1607 de
428 1546 544 1605 seriore
565 1545 655 1605 etiam
676 1550 812 1622 tempore
833 1543 1016 1621 cogitaveris.

147 1633 245 1711 Atque
266 1631 305 1689 ad
325 1630 403 1691 bane
424 1630 545 1709 quidem
565 1629 743 1690 seutentiam
763 1628 932 1688 mutandam
962 1627 1051 1707 variis
1079 1647 1198 1704 eorum,
1231 1632 1283 1711 qui

26 1746 33 1793 .'
56 1715 194 1777 Felicem
216 1716 298 1794 prius
320 1722 491 1776 revocatum
513 1734 582 1775 ease
602 1719 724 1794 putant,
756 1714 937 1791 argumentis
958 1714 1127 1792 permoveri
1148 1732 1207 1774 nou
1227 1735 1283 1794 po·

10 1806 21 1843 l
55 1802 181 1864 tubuas.
223 1800 271 1860 lle
293 1801 400 1878 quibua
421 1806 455 1859 nt
475 1800 534 1860 iarn
555 1798 726 1879 singulatim
746 1815 884 1877 Quotus:
905 1797 1034 1876 primum
1055 1799 1132 1858 miro
1154 1798 1282 1877 quodam

58 1904 168 1947 errore
190 1880 403 1966 Arletiusr)
426 1890 458 1945 et
478 1882 719 1944 Hofmannua
734 1878 781 1964 ⁸),
808 1881 933 1942 Festum
959 1882 1018 1943 iam
1040 1881 1165 1943 Claudio
1187 1884 1283 1962 impe·
1308 1948 1311 1955 ,

12 1955 29 1976 ”
56 1976 146 2031 rante
173 1968 283 2030 Felicis
313 1970 484 2047 suscepisse
512 1969 610 2042 vices,
641 1986 678 2028 ex
698 1965 797 2028 Taciti
818 1984 884 2026 aun.
905 1966 927 2043 l.
951 1965 1002 2026 12.
1027 1985 1053 2026 o.
1076 1963 1127 2025 52.
1150 1968 1283 2047 perspici

58 2055 236 2135 opinantur,
272 2052 424 2132 quamde
448 2052 583 2113 (ιἰαιιααο
606 2052 665 2126 ibi,
698 2069 756 2111 uec
776 2049 816 2111 de
837 2049 944 2111 Felice
970 2051 1165 2113 condemnato
1192 2052 1284 2115 verba

56 2140 143 2203 flant.
165 2172 208 2185 —
228 2136 335 2215 Neque
357 2137 444 2199 ullius
466 2142 513 2199 est
534 2137 685 2208 momenti,
706 2154 796 2215 quam
816 2133 991 2196 Arletius
1006 2130 1033 2219 ι)
1054 2135 1154 2218 locum
1174 2156 1284 2217 apoco-

56 2222 245 2303 locyntbosis
261 2218 292 2304 v)
312 2229 409 2300 urget,
429 2222 480 2282 ubi
502 2221 545 2303 (in
555 2221 733 2282 editionibus
742 2218 891 2281 nonnulli
898 2214 958 2303 x))
981 2219 1106 2281 Claudio
1120 2222 1283 2283 adinferoa

10 2303 27 2322 ''
57 2309 192 2369 venienti
216 2309 296 2367 inter
322 2306 396 2368 alios
423 2308 462 2367 ab
489 2326 526 2368 eo
554 2308 728 2367 interemtos
755 2304 843 2365 Felix
872 2322 941 2365 cum
960 2304 1096 2366 Pallante
1116 2306 1212 2368 fratre
1233 2327 1284 2367 oo·

58 2393 193 2457 carruae
215 2392 340 2466 dicitur;
369 2392 446 2453 baec
468 2393 546 2452 enim
573 2393 691 2452 uomina
716 2390 870 2452 subdititia
897 2408 983 2464 esse,
1011 2390 1094 2451 nulla
1121 2398 1168 2453 eat
1196 2391 1284 2451 dubi-

58 2478 143 2539 tatio.
178 2510 222 2523 —
263 2475 425 2537 Praeterea
459 2476 557 2536 idern
569 2473 602 2559 γ)
639 2478 706 2537 dot.
742 2495 767 2536 c.
803 2474 855 2533 25.
887 2493 977 2535 versu
1005 2477 1056 2535 11.
1085 2477 1196 2551 utitur,
1232 2478 1283 2537 ubl

10 2593 15 2606 ·
57 2561 171 2623 Paulus
203 2558 292 2644 (post
319 2561 429 2623 Felicis
461 2555 652 2644 digressum)
686 2559 724 2620 ad
752 2558 914 2621 (inaurem
940 2559 1067 2619 traditur
1092 2579 1282 2639 provocasse.

57 2647 131 2710 Hoc
157 2647 236 2707 euim
265 2644 386 2707 Nerone
411 2646 593 2725 imperatore
619 2645 799 2726 permissum
825 2643 921 2704 fulsse
948 2652 1052 2725 negat,
1089 2644 1177 2705 allato
1205 2644 1282 2705 Sue·

58 2730 136 2792 urnii
163 2731 229 2791 loco
243 2730 291 2807 z),
324 2732 356 2792 in
384 2750 443 2810 quo
471 2730 549 2791 haec
576 2732 616 2790 de
644 2730 780 2811 principe
807 2726 859 2789 illo
889 2734 959 2789 sunt
989 2730 1176 2809 perscripta:
1213 2750 1282 2792 cau-

59 2824 154 2892 „tum
180 2848 196 2860 -
222 2848 238 2865 ··
263 2849 279 2860 -
306 2822 339 2875 ut
371 2834 475 2875 omnes
508 2816 722 2894 appellationes
759 2834 778 2875 a
812 2814 961 2874 iudicibus
988 2813 1027 2873 ad
1059 2822 1204 2875 senatum
1226 2816 1283 2876 fie-

59 2908 141 2961 rent.
152 2903 173 2936 “
236 2898 298 2960 Sed
338 2907 422 2962 reete
457 2896 685 2961 K'rebsiua
701 2896 732 2982 a)
759 2899 890 2972 monuit,
925 2898 1092 2974 Neronem,
1127 2905 1161 2960 ut
1195 2902 1282 2980 nugis

60 3004 169 3047 vacare
188 2991 308 3064 posset,
329 2984 455 3045 iussisse
475 2985 612 3063 quidem,
642 2990 676 3045 ut
696 2985 735 3045 ad
756 2990 899 3044 senatum
920 2990 1148 3063 provocaretur3
1178 3004 1282 3046 verum

58 3070 93 3131 lu
114 3070 211 3133 musis
234 3076 318 3132 certe
338 3068 496 3131 maiordrus
517 3070 556 3133 ad
576 3070 675 3151 ipsum
692 3068 875 3150 appellatum
893 3087 979 3146 esse,
1001 3070 1138 3152 exemplo
1153 3090 1172 3133 e
1185 3068 1284 3132 Taciti

130 3389 160 3453 ο)
170 3386 231 3437 Act.
241 3392 284 3451 21,
293 3393 335 3439 38.
360 3387 523 3503 pJV.p.51.
556 3389 586 3455 p)
595 3387 668 3438 Haec
685 3388 772 3437 minus
789 3400 863 3439 recte
880 3387 1017 3457 disputata
1034 3399 1130 3453 essent,
1149 3389 1172 3439 si
1189 3406 1282 3441 verum

10 3469 22 3496 t
130 3466 207 3515 esset,
245 3454 301 3506 uod
317 3455 363 3504 Lu
392 3451 608 3524 ‚cappellus
626 3455 702 3519 (hist.
721 3472 763 3524 ap.
782 3454 899 3524 append.
918 3455 1111 3508 characterism.
1129 3456 1282 3526 V1.p.tl.)

130 3532 229 3572 conten
252 3524 281 3585 't‚
293 3524 367 3571 vorin
379 3540 480 3587 eorum,
511 3539 561 3573 uae
572 3523 707 3591 Iosephus,
718 3533 779 3592 post
800 3541 861 3572 uam
873 3520 1026 3573 deNeronis
1036 3524 1119 3574 initiis
1132 3541 1283 3578 sermonem

129 3588 240 3652 fecerit,
258 3590 287 3638 in
304 3587 403 3639 Iudaea
420 3588 469 3640 sub
487 3540 576 3640 Nellos
596 3588 722 3641 accidisse
739 3540 841 3647 tradat,
869 3591 951 3659 inque
969 3590 1011 3640 his
1029 3589 1161 3660 Aegyptii
1177 3592 1282 3661 turbas,

130 3656 166 3709 ad
193 3654 300 3708 Claudii
325 3668 441 3707 aetatem
465 3658 614 3727 pertinere,
640 3659 704 3725 quia
727 3656 798 3707 nihil
821 3656 869 3708 ille
889 3658 1038 3708 narraverit
1059 3676 1170 3725 eorum,
1203 3679 1282 3730 quae,

130 3723 258 3794 quamdiu
281 3724 358 3775 Felix
379 3726 540 3792 imperatore
565 3721 680 3777 claudio
704 3742 746 3775 res
768 3722 890 3776 iudaicus
913 3725 1150 3791 administraverit,
1178 3728 1229 3781 bac
1252 3730 1283 3779 in

129 3804 202 3843 terra
220 3803 292 3860 gesta
309 3803 405 3844 essent.
429 3792 469 3843 At
485 3810 573 3861 neque
589 3791 656 3844 baec
672 3792 778 3842 Flavius
794 3808 901 3861 prorsus
918 3805 990 3845 tacet
1007 3793 1056 3860 (cf.
1066 3793 1133 3847 Ant.
1143 3800 1220 3861 aba,
1233 3802 1257 3850 2.
1272 3836 1281 3863 ,

130 3871 159 3912 et
185 3859 285 3911 diserte
309 3862 440 3931 Aegyptii
467 3860 626 3913 seditionem
652 3859 688 3911 ad
714 3860 828 3912 Neronis
850 3870 972 3931 tempora
993 3860 1093 3929 refert3
1120 3882 1183 3913 nam
1210 3865 1240 3918 B.
1272 3904 1281 3917 .

129 3933 214 3993 213,
232 3932 255 3980 1.
273 3929 312 3979 ita
329 3928 450 3980 locutus:
473 3930 613 3999 τρέψομαι
638 3927 670 3981 δὲ
687 3927 735 3982 ἐπὶ
751 3923 784 3981 τὰ
799 3926 943 3988 Ἰουδαίοις
958 3927 1014 3981 κατ’
1035 3927 1121 3983 αὐτὸν
1138 3931 1283 3999 (Νέρωνα)

131 3990 286 4065 γενόμενα,
305 3994 326 4062 i.
343 4001 368 4049 2.
385 3998 425 4048 sio
462 3998 544 4064 ergit:
572 3999 610 4055 εἰς
624 4026 643 4036 -
658 3994 708 4064 τὴν
724 4025 742 4037 -
755 3994 897 4051 Ἰουδαίαν
915 3993 1022 4064 Φήλικα
1039 4001 1203 4064 κατέστησεν
1219 3998 1283 4052 ἔπλ-

130 4077 244 4131 τροπον.
279 4065 349 4114 Hinc
367 4063 400 4114 de
416 4016 460 4113 lif

131 4129 304 4198 ceptoribus,
321 4130 355 4182 ‹le
372 4132 487 4189 sicariis,
505 4129 539 4181 de
556 4130 712 4201 Aegyptio,
731 4134 772 4195 §§.
784 4137 809 4183 3.
820 4135 845 4183 4.
877 4129 983 4182 Eodem
1001 4131 1097 4182 ordine
1114 4148 1156 4180 res
1173 4130 1282 4183 easdem

130 4198 160 4247 in
178 4202 244 4250 Ant.
263 4216 372 4268 quoque
389 4197 518 4250 describit
535 4198 590 4267 (20,
606 4205 632 4263 8,
650 4200 762 4259 3-6.).
842 4199 869 4265 r)
886 4201 917 4249 ln
935 4198 997 4249 diss.
1016 4197 1050 4249 da
1067 4197 1154 4249 Paulli
1171 4200 1201 4249 in
1218 4199 1280 4252 urb.

131 4267 209 4319 Rom.
226 4266 347 4333 ingressu
363 4286 390 4336 p.
408 4270 548 4320 tlt-101.
625 4263 923 4329 s)Ad1'ritiiiutrod.
960 4270 1059 4331 .254.,
1078 4268 1125 4335 qui
1161 4278 1282 4319 raeterea

131 4336 162 4384 in
180 4350 212 4386 ao
230 4352 337 4403 quoque
354 4347 438 4401 errat,
456 4333 544 4406 quod,
572 4324 662 4405 qu'unr
672 4334 783 4385 Tacitus
800 4332 835 4385 de
851 4335 913 4389 ΧΠ.
933 4286 1040 4387 glandia·
1058 4351 1127 4385 anno
1140 4285 1280 4405 ioquatur,

130 4404 191 4471 ipse
208 4399 243 4453 de
260 4419 285 4455 a.
301 4404 364 4457 XV.
382 4401 431 4471 (l)
450 4405 566 4472 cogitat,
595 4420 710 4472 eumque
732 4421 831 4453 annum
851 4420 914 4453 eum
936 4421 960 4456 a.
979 4407 1023 4453 57.
1042 4420 1067 4455 a.
1084 4403 1118 4456 D.
1137 4407 1281 4455 convenire

132 4471 266 4539 opinatur.
401 4474 427 4535 τ)
444 4472 514 4523 lbid.
637 4470 665 4533 ο)
684 4469 741 4521 Sub
758 4468 848 4522 finem.
970 4471 1004 4536 x)
1021 4471 1056 4525 V.
1072 4490 1097 4540 g.
1114 4472 1144 4521 in
1162 4470 1281 4524 editione

132 4554 248 4671 titt
268 4537 384 4661 {aaa
411 4539 508 4677 Ἥ
526 4542 805 4662 stranda
820 4580 884 4663 ..ι
900 4537 1280 4680 ,calatenissa

451 4082 544 4115 enzaro
560 4065 695 4117 latronum
712 4063 781 4116 duce
799 4067 869 4132 agit,
887 4064 923 4115 de
939 4065 1089 4117 latronibus
1107 4065 1167 4114 aliia
1185 4076 1212 4116 et
1229 4064 1281 4117 de-

593 4890 608 4920 Ι
