2956 5168
335 125 419 205 ono
441 124 557 188 rusus
577 124 620 187 ιιι
640 115 814 188 concon
835 122 1128 193 nnscnnnnnrn.
1246 161 1249 165 -
1294 125 1337 189 aa

227 295 380 358 diensium
401 294 546 372 ceordaic,
576 316 667 375 quum
686 296 775 371 luna,
795 300 953 376 postquam
974 294 1113 371 siluerat,
1134 295 1262 375 primum
1283 314 1336 375 ap·

125 383 259 465 parebat,
280 379 435 461 fiebantt).
478 381 523 441 Ac
545 383 614 459 quia
633 381 729 462 prima
749 380 837 441 lunae
858 400 968 442 cornua
989 380 1106 440 nonnisi
1127 386 1264 460 tempore
1284 394 1336 440 ve³

125 467 260 548 spertiuo
281 471 460 541 cernuntur,
487 466 617 546 primns,
632 466 776 544 ¹ideoque
803 464 911 544 reliqui
938 465 1027 527 etlam
1053 464 1166 526 mensis
1193 465 1337 543 cuiusque

125 553 192 613 dies
213 551 330 611 initium
351 570 368 610 a
389 568 516 631 vespera
537 549 703 628 capiebant.
751 545 951 608 Kalendarum
978 549 1162 629 figendarum
1190 552 1336 628 potestas,

125 636 170 696 uti
197 634 314 696 rabbini
341 635 477 707 tradunt,
508 634 624 694 nonnisi
653 651 747 713 penes
776 632 948 713 synedrium
975 653 1114 713 magnum
1142 639 1222 708 erat;
1256 632 1335 712 quod

125 720 178 780 nbi
201 739 219 779 e
240 718 348 781 tubulis
369 719 575 780 astronomicis
597 719 714 779 eruisse
735 717 793 778 sibi
814 716 984 792 videbatur,
1005 717 1072 778 fleri
1091 735 1192 798 posse,
1212 722 1246 778 ut
1266 717 1336 777 luna

126 823 253 884 vespera
273 802 495 864 undetricesimi
515 802 628 863 mensis
649 802 710 863 diei
732 801 913 880 aperiretur,
935 802 985 862 die
1006 802 1157 862 tricesimo
1178 807 1335 881 exspecta·

127 888 190 964 bat,
212 907 281 948 ιιιιιιι
303 888 354 966 qui
374 887 490 948 venturi
512 892 622 961 essent,
644 887 695 965 qui
716 902 827 946 cornua
847 887 981 947 recentia
999 895 1124 966 vespera
1137 885 1335 947 antecedente

126 993 162 1034 se
184 973 375 1051 conspexisse
397 977 587 1033 testarentur.
630 971 706 1030 Erat
734 969 813 1031 enim
839 969 897 1031 boc
926 969 1059 1070 synedrii
1087 969 1273 1046 mandatnm,
1301 973 1336 1029 ut

126 1055 654 1219 illitttdtidli,'it
676 1053 1081 1199 baldetildi?
1096 1052 1257 1211 ellit
1276 1054 1335 1197 iii

127 1225 243 1286 sabbati
267 1225 415 1303 religione
441 1225 593 1303 neglecta,
624 1223 712 1283 buius
739 1223 784 1282 rei
810 1222 993 1303 nunciandae
1019 1241 1107 1282 causa
1128 1220 1336 1301 Hierosolyma
1426 1244 1435 1287 ,·

128 1328 163 1369 se
185 1306 364 1370 conferrent.
408 1307 540 1385 Quorum
561 1307 762 1372 testimoninm
784 1306 834 1367 ubi
860 1306 1065 1367 confirmatum
1093 1313 1175 1380 erat,
1203 1311 1335 1379 senatus,
1455 1342 1468 1371 s

127 1392 243 1453 solenni
275 1398 362 1453 utens
391 1391 621 1456 exclamatione:
657 1403 787 1472 inrupit,
822 1390 919 1471 ipsum
946 1391 1026 1451 diem
1057 1390 1240 1452 tricesimum
1267 1388 1336 1450 novi

125 1478 237 1538 mensis
257 1476 372 1536 initium
393 1474 591 1536 constituebat
599 1473 647 1553 m).
691 1474 744 1535 Sin
766 1492 851 1548 vero,
880 1475 948 1553 quia
968 1473 1084 1535 coelum
1105 1473 1237 1534 nubilum
1259 1479 1334 1549 erat,
1408 1508 1413 1515 ·

125 1559 236 1620 aliasve
257 1560 295 1618 ob
318 1577 439 1634 causas,
460 1556 532 1618 nulli
552 1559 733 1620 advenerant
754 1557 870 1630 nuncii,
892 1557 1038 1637 synedri,
1059 1563 1213 1638 quatenns,
1234 1557 1335 1619 lunam

125 1646 211 1723 prius
238 1643 286 1704 vel
315 1643 410 1704 serius
438 1642 537 1703 lumen
565 1661 669 1703 novum
700 1647 883 1719 exserturam
911 1660 997 1716 esse,
1025 1642 1173 1703 etabulis
1195 1644 1335 1704 coniicie-

125 1729 213 1801 bant,
248 1746 367 1788 meuses
395 1745 483 1787 cavos
512 1731 543 1787 et
572 1726 694 1806 plenos,
716 1745 795 1787 nunc
817 1725 963 1805 singulos,
990 1724 1191 1801 uuncbinos,
1212 1726 1334 1788 alternis

124 1812 278 1890 ponebant
297 1806 468 1895 vicibusn),
495 1809 572 1872 hauc
594 1817 755 1891 sequentes
777 1810 928 1889 regulam,
958 1815 993 1871 ut
1013 1827 1111 1891 neque
1131 1808 1234 1890 plures
1255 1819 1336 1885 octo,

125 1914 224 1975 neque
252 1896 407 1975 pauciores
442 1900 578 1975 quatuor·
595 1895 749 1956 mensibus
784 1894 883 1973 plenis
912 1893 962 1953 unl
991 1892 1160 1955 tribuerent
1195 1912 1272 1953 anno
1285 1889 1334 1977 a),

125 1999 184 2058 qua
204 1980 316 2040 ratione
338 1980 485 2061 quomodo
508 1979 658 2053 caverint,¹
676 1984 716 2039 ne
729 1979 806 2038 'anni
828 1977 902 2038 ordo
923 1977 1110 2052 turbaretur,
1132 1983 1194 2038 turn
1215 1977 1335 2040 demum

125 2064 300 2144 perspicere
321 2065 406 2125 nobis
427 2064 547 2136 licebit,
571 2082 658 2142 quum
679 2063 860 2137 viderimus,
892 2063 970 2123 inter
991 2067 1130 2141 quotnam
1151 2062 1217 2123 dies
1238 2063 1334 2143 prima

124 2147 215 2207 lunae
249 2149 395 2227 apparitio
429 2148 573 2209 fluctuare
607 2146 711 2226 possit.
768 2140 868 2224 Atque
904 2165 923 2207 e
958 2147 1047 2207 variis
1082 2146 1220 2227 paridem,
1258 2166 1334 2227 quae

125 2229 354 2314 Wurmiusn)
382 2230 517 2310 collegit,
547 2231 724 2292 testimoniis
751 2229 948 2310 intelligitur,
983 2226 1132 2315 interris
1154 2230 1334 2293 ausnalibus

125 2314 236 2376 cornua
257 2317 405 2377 interdum
425 2316 483 2376 iam
504 2312 595 2377 XVll.
618 2315 686 2375 iere
706 2322 776 2394 post
802 2313 902 2375 lunam
923 2313 1061 2397 silentem
1087 2314 1181 2390 liora,
1213 2310 1334 2396 saepius

125 2401 207 2461 circa
227 2400 331 2461 boram
345 2398 451 2464 XXIV.
474 2406 505 2461 et
525 2400 632 2474 serlus,
654 2416 872 2478 nonnumquam
893 2399 983 2461 tertio'
1003 2397 1120 2460 demum
1142 2399 1191 2467 die
1211 2400 1243 2460 ln
1264 2418 1334 2460 con·

125 2491 263 2564 spectum
290 2485 402 2545 venire.
447 2484 561 2561 Quibus
590 2482 784 2544 Wurmins
811 2482 910 2556 addit,
941 2481 1041 2543 lunam
1068 2500 1127 2544 nou
1149 2482 1245 2544 solnm
1265 2490 1335 2569 post

126 2569 257 2630 triduum
279 2569 416 2645 demum,
444 2588 530 2649 quam
550 2568 691 2643 siluerat,
717 2566 774 2627 sed
793 2567 958 2641 interdum,
988 2566 1334 2653 siquidem'novilunlum

127 2659 213 2713 certo
235 2653 362 2732 quodam
383 2652 443 2720 diei
463 2661 597 2735 tempore
619 2647 704 2734 (puta
725 2649 775 2711 dle
796 2651 944 2712 adfinem
965 2649 1122 2732 vergente)
1145 2653 1334 2713 commissum
1424 2652 1427 2667 ¹

126 2738 175 2811 sit,
196 2738 284 2817 paulo
306 2740 394 2799 ctiam
416 2740 512 2800 serius
527 2737 653 2818 aperiri.
694 2734 773 2797 Hinc
795 2733 919 2799 ludaeos
941 2734 1025 2799 coelo
1047 2748 1163 2813 sereno,
1185 2736 1332 2817 siquidem

141 2870 328 2883 -u-——u-

193 2950 358 3004 ..osanam
377 2952 558 3011 antenoreo.
590 2953 737 3021 „soron
764 2954 847 3009 ιιιιιι
869 2939 951 3008 neb
972 2938 1087 3028 ereren
1108 2920 1228 3023 norun
1249 2954 1333 3008 :rm

196 3035 280 3106 ψη)
302 3022 435 3090 murth:
449 3042 609 3110 „vesperi
627 3042 706 3091 anni
723 3039 911 3108 sabbe-tici,
928 3036 1194 3108 utricibcminibus)
1205 3039 1335 3093 adderent

193 3123 310 3156 meueem
327 3106 361 3157 ad
378 3105 504 3159 colendos
521 3111 627 3176 agros.“
662 3107 737 3179 Quae
754 3107 864 3177 quidem
882 3109 999 3178 regulae,
1017 3120 1047 3160 nt
1060 3120 1112 3167 ,ote
1129 3126 1163 3160 ex
1174 3109 1233 3178 ipsa
1243 3109 1335 3161 laomi-

192 3191 258 3223 num
276 3174 433 3227 necessitate
453 3186 540 3241 ortae,
559 3187 613 3228 tam
630 3187 735 3229 strenue
753 3187 964 3244 contemmere,
990 3188 1021 3229 ut
1037 3129 1071 3228 ab
1088 3194 1120 3227 ea
1139 3175 1239 3240 solum,
1266 3194 1335 3258 puae

120 3262 124 3267 ·
166 3264 169 3269 ·
195 3237 229 3291 de
246 3257 316 3291 auno
333 3241 499 3294 sabbatinum
515 3255 644 3313 sequente
660 3243 714 3293 lata
732 3253 785 3306 est,
806 3263 847 3294 ma
866 3246 960 3309 istros,
976 3261 1027 3296 nec
1043 3244 1094 3294 nisi
1112 3242 1160 3293 sub
1177 3242 1335 3311 Gamnhele,

194 3306 330 3359 interdum
346 3311 484 3363 recessisse
500 3309 648 3378 legumus,
663 3309 698 3363 ef.
715 3328 793 3378 gem.
811 3310 851 3362 ba
878 3312 957 3366 ,ll
1057 3309 1195 3376 lll'lrilo
1214 3308 1248 3362 de
1265 3321 1334 3380 sept.

117 3410 121 3419 ·
145 3412 148 3417 ·
184 3401 223 3442 «ιι
240 3389 314 3443 asos
332 3412 358 3462 p.
375 3397 449 3446 ιιιι.
467 3396 540 3448 1185.
556 3396 662 3446 masna
679 3372 716 3446 ‘rr
731 3392 801 3446 nnn
819 3401 845 3460 1,
861 3395 889 3451 5.
906 3402 933 3449 r.
950 3400 976 3449 a.
994 3394 1029 3448 ιι
1047 3392 1183 3449 misal.
1194 3393 1213 3448 1.
1225 3412 1248 3448 ο.
1259 3398 1335 3449 1-a.

194 3491 216 3526 c.
233 3480 260 3541 5,
279 3478 304 3539 §.
323 3481 337 3527 1
355 3477 390 3531 al.
473 3479 512 3546 m)
530 3479 639 3528 Minna
655 3456 692 3529 ‘H
708 3476 778 3530 nnn
796 3478 852 3532 fere
870 3490 918 3532 tot.
934 3480 1055 3548 inprimis
1072 3496 1095 3530 o.
1113 3483 1168 3529 let
1182 3482 1208 3531 2.
1225 3478 1334 3533 Mairn.

192 3541 211 3592 l.
228 3540 248 3590 l.
266 3559 288 3593 c.
307 3547 393 3596 1-3.
484 3547 514 3610 ιι)
532 3545 688 3599 Μιιίιιιοιι.
707 3545 825 3613 ibidem,
843 3563 865 3597 c.
883 3551 931 3608 16,
949 3549 974 3610 S.
990 3550 1091 3610 5—9.;
1110 3544 1144 3597 cf.
1161 3562 1242 3612 gem.
1261 3545 1335 3600 bab.

194 3601 232 3675 Ἠ
248 3624 329 3687 uren,
346 3625 393 3693 iol.
410 3631 440 3694 6,
457 3646 485 3697 p.
501 3633 543 3693 2,
559 3627 607 3678 ubi
622 3639 798 3698 pentecoste,
826 3646 909 3698 qnae,
937 3629 978 3679 uti
1005 3645 1069 3680 mox
1095 3626 1264 3696 videbimus,
1290 3627 1336 3681 die

194 3693 411 3763 quinquagesimo
428 3712 444 3744 a
462 3693 660 3765 decimosexto
677 3697 770 3746 Nieaui
792 3695 838 3748 die
860 3694 1003 3763 agebatur,
1032 3713 1108 3747 nunc
1128 3697 1238 3765 quinto,
1262 3715 1335 3748 nuuc

193 3771 283 3824 sexto,
301 3760 436 3812 interdum
452 3764 566 3832 septimo
583 3762 674 3814 Sivaui
691 3762 736 3814 die
753 3762 881 3816 edebrnri
898 3763 1008 3830 dieitur,
1026 3775 1159 3833 quereum
1176 3764 1291 3816 Nisanns
1309 3776 1337 3817 et

193 3829 278 3878 liarus
296 3840 341 3878 aut
355 3829 431 3899 pleni
448 3831 510 3898 rint,
528 3842 574 3881 aut
590 3832 659 3897 cavi,
677 3842 724 3881 ant
740 3830 929 3902 olimpicum,
947 3831 1014 3883 alter
1032 3849 1119 3885 maus.
1138 3831 1145 3856 ’·
1175 3832 1204 3899 ο)
1222 3831 1335 3884 Minna

197 3902 293 3985 '‘⁸259-
311 3914 343 3977 2,
361 3916 387 3965 2.
421 3910 533 3968 Maim.
550 3914 570 3968 l.
586 3914 605 3969 l.
622 3920 669 3976 16,
687 3921 712 3968 9.
746 3914 828 3969 Anno
850 3914 1005 3967 intercalari
1021 3932 1077 3967 non
1092 3914 1231 3985 panciores
1250 3917 1335 3986 quin·
1360 3970 1367 3977 ,

194 3996 246 4048 qaae
261 3978 396 4030 mensibus
413 3979 501 4049 plenis
518 3983 734 4052 assignabantur3
753 4002 817 4035 uam
832 3985 861 4034 in
878 4000 1009 4051 gemere
1026 3978 1245 4036 bab.‘adlocum
1255 3994 1334 4035 tract.

196 4061 287 4131 7⁸25?
310 4062 392 4114 modo
408 4063 547 4117 laudatum
565 4077 593 4118 et
608 4066 638 4117 in
654 4066 828 4118 Maimonidis
846 4066 880 4119 de
897 4083 969 4123 cons.
984 4064 1047 4117 Kal.
1063 4064 1143 4126 libro,
1162 4082 1184 4118 c.
1197 4069 1238 4130 16,
1257 4067 1283 4130 S.
1294 4069 1335 4118 10.

193 4140 321 4199 tunquam
338 4130 471 4200 singulare
489 4132 703 4203 quidntreditnr,
731 4133 876 4203 aliquando
897 4134 994 4199 norem
1016 4148 1118 4184 menses
1136 4148 1217 4182 caros
1234 4149 1289 4184 ano
1306 4133 1336 4183 in

193 4214 265 4249 ιιιιιο
281 4199 384 4267 positos
400 4197 490 4251 fuisse.
556 4201 588 4268 p)
603 4200 624 4253 l.
638 4200 657 4257 l.
673 4203 706 4267 ΙΙ,
725 4202 751 4266 5.
767 4205 809 4255 26.
825 4201 902 4263 Elisa
919 4200 976 4263 ben,
990 4200 1084 4264 Moris,
1102 4196 1207 4269 Gerasi,
1223 4210 1336 4253 senten-

142 4320 146 4332 ,
192 4265 242 4331 tia,
260 4281 276 4315 a
291 4264 441 4319 seldene
461 4266 509 4332 (de
528 4285 598 4319 auno
615 4268 688 4319 cirili
704 4279 769 4321 vett.
786 4267 895 4335 Bebrr.)
917 4266 1011 4337 allata,
1027 4266 1121 4317 lunam
1137 4267 1191 4318 iam
1207 4279 1269 4337 port
1286 4271 1336 4333 11}

193 4349 210 4382 ι
228 4333 303 4385 coitu
318 4333 397 4385 boras
414 4334 488 4387 cerni
502 4352 593 4405 posse,
611 4336 657 4385 rix
673 4331 756 4386 fidem
773 4347 940 4388 meretur.-
957 4332 1162 4404 Quoniamrero
1177 4335 1243 4389 luna
1254 4335 1336 4404 uulgo

114 4454 118 4461 ,
194 4399 282 4464 citius,
320 4407 381 4451 uem
399 4401 500 4453 tar'dins
518 4403 653 4485 aperitur,
669 4420 772 4455 menses
788 4400 977 4475 vulgoprins,
997 4420 1078 4473 quan
1095 4400 1337 4457 redua'ineboatos

193 4483 250 4518 esee
276 4419 325 4535 (cl
347 4468 447 4521 Philo
470 4467 504 4521 de
526 4482 580 4521 rrta
604 4469 688 4521 Moris
709 4489 736 4541 p.
755 4473 813 4523 666.
838 4470 872 4523 de
894 4478 922 4521 'se
943 4481 968 4529 ts,
984 4482 1012 4529 et
1031 4468 1107 4523 sentit
1122 4490 1152 4543 p.
1171 4475 1245 4526 1191.
1262 4474 1337 4523 1196.
1386 4508 1388 4511 -

953 4573 963 4604 ,
984 4540 1024 4625 p.
1035 4539 1134 4669 911ὴό
1135 4554 1193 4610 'per
1206 4555 1236 4613 ιι
1251 4546 1335 4609 patet.

193 4531 378 4603 Origenes
398 4534 436 4587 'ad
457 4536 508 4591 Mt.
530 4542 577 4603 21,
594 4540 638 4593 4⁵.
668 4537 808 4624 annueri
829 4548 894 4593 tord-
