<?xml version="1.0" encoding="UTF-8"?>
<!DOCTYPE html PUBLIC "-//W3C//DTD XHTML 1.0 Transitional//EN"
    "http://www.w3.org/TR/xhtml1/DTD/xhtml1-transitional.dtd">
<html xmlns="http://www.w3.org/1999/xhtml" xml:lang="en" lang="en">
 <head>
  <title>
</title>
<meta http-equiv="Content-Type" content="text/html;charset=utf-8" />
  <meta name='ocr-system' content='tesseract 3.04.00' />
  <meta name='ocr-capabilities' content='ocr_page ocr_carea ocr_par ocr_line ocrx_word'/>
</head>
<body>
  <div class='ocr_page' id='page_1' title='image "./detemporuminact00angegoog/detemporuminact00angegoog_0133.png"; bbox 0 0 2956 5168; ppageno 0'>
   <div class='ocr_carea' id='block_1_1' title="bbox 122 206 1315 357">
    <p class='ocr_par' dir='ltr' id='par_1_1' title="bbox 122 206 1315 357">
     <span class='ocr_line' id='line_1_1' title="bbox 122 206 1315 357; baseline -0.012 -22"><span class='ocrx_word' id='word_1_1' title='bbox 122 273 187 335; x_wconf 86' lang='lat' dir='ltr'><strong>us</strong></span> <span class='ocrx_word' id='word_1_2' title='bbox 268 266 379 337; x_wconf 83' lang='lat' dir='ltr'><strong>car.</strong></span> <span class='ocrx_word' id='word_1_3' title='bbox 398 267 448 337; x_wconf 84' lang='lat' dir='ltr'><strong>ru</strong></span> <span class='ocrx_word' id='word_1_4' title='bbox 489 265 546 333; x_wconf 84' lang='lat' dir='ltr'><strong>on</strong></span> <span class='ocrx_word' id='word_1_5' title='bbox 567 262 830 331; x_wconf 74' lang='lat' dir='ltr'><strong>rumoribus</strong></span> <span class='ocrx_word' id='word_1_6' title='bbox 849 244 998 331; x_wconf 80' lang='lat' dir='ltr'><strong>cauma</strong></span> <span class='ocrx_word' id='word_1_7' title='bbox 1017 206 1183 344; x_wconf 27' lang='lat' dir='ltr'><strong>numu*</strong></span> <span class='ocrx_word' id='word_1_8' title='bbox 1231 296 1248 357; x_wconf 78' lang='lat'><strong>.·</strong></span> <span class='ocrx_word' id='word_1_9' title='bbox 1309 284 1315 297; x_wconf 92' lang='lat'><em>·</em></span> 
     </span>
    </p>
   </div>
   <div class='ocr_carea' id='block_1_2' title="bbox 92 437 1356 1537">
    <p class='ocr_par' dir='ltr' id='par_1_2' title="bbox 92 437 1356 1537">
     <span class='ocr_line' id='line_1_2' title="bbox 124 437 1343 518; baseline -0.002 -15"><span class='ocrx_word' id='word_1_10' title='bbox 124 446 257 503; x_wconf 85' lang='lat' dir='ltr'><strong>causent.</strong></span> <span class='ocrx_word' id='word_1_11' title='bbox 324 438 438 502; x_wconf 85' lang='lat' dir='ltr'><strong>Verum</strong></span> <span class='ocrx_word' id='word_1_12' title='bbox 479 438 667 518; x_wconf 85' lang='lat' dir='ltr'><strong>Tranquillus</strong></span> <span class='ocrx_word' id='word_1_13' title='bbox 700 438 766 498; x_wconf 86' lang='lat' dir='ltr'><strong>siue</strong></span> <span class='ocrx_word' id='word_1_14' title='bbox 800 438 891 499; x_wconf 91' lang='lat' dir='ltr'><strong>dublo</strong></span> <span class='ocrx_word' id='word_1_15' title='bbox 925 457 986 500; x_wconf 91' lang='lat' dir='ltr'><strong>uon</strong></span> <span class='ocrx_word' id='word_1_16' title='bbox 1013 439 1053 500; x_wconf 89' lang='lat' dir='ltr'><strong>de</strong></span> <span class='ocrx_word' id='word_1_17' title='bbox 1084 439 1181 500; x_wconf 84' lang='lat' dir='ltr'><strong>turbis</strong></span> <span class='ocrx_word' id='word_1_18' title='bbox 1209 437 1343 518; x_wconf 81' lang='lat' dir='ltr'><strong>loquitur</strong></span> 
     </span>
     <span class='ocr_line' id='line_1_3' title="bbox 124 522 1342 606; baseline -0.001 -18"><span class='ocrx_word' id='word_1_19' title='bbox 124 526 287 601; x_wconf 88' lang='lat' dir='ltr'><strong>eiusmodi,</strong></span> <span class='ocrx_word' id='word_1_20' title='bbox 312 544 386 606; x_wconf 78' lang='lat' dir='ltr'><strong>quas</strong></span> <span class='ocrx_word' id='word_1_21' title='bbox 414 522 516 585; x_wconf 89' lang='lat' dir='ltr'><strong>ludaei</strong></span> <span class='ocrx_word' id='word_1_22' title='bbox 540 525 573 584; x_wconf 93' lang='lat' dir='ltr'><strong>in</strong></span> <span class='ocrx_word' id='word_1_23' title='bbox 599 524 696 604; x_wconf 87' lang='lat' dir='ltr'><strong>patria</strong></span> <span class='ocrx_word' id='word_1_24' title='bbox 716 531 885 599; x_wconf 82' lang='lat' dir='ltr'><strong>versantes,</strong></span> <span class='ocrx_word' id='word_1_25' title='bbox 911 523 966 585; x_wconf 90' lang='lat' dir='ltr'><strong>sed</strong></span> <span class='ocrx_word' id='word_1_26' title='bbox 995 544 1068 604; x_wconf 89' lang='lat' dir='ltr'><strong>quas</strong></span> <span class='ocrx_word' id='word_1_27' title='bbox 1088 526 1126 597; x_wconf 93' lang='lat' dir='ltr'><strong>ii,</strong></span> <span class='ocrx_word' id='word_1_28' title='bbox 1152 524 1204 603; x_wconf 83' lang='lat' dir='ltr'><strong>qui</strong></span> <span class='ocrx_word' id='word_1_29' title='bbox 1225 523 1342 587; x_wconf 82' lang='lat' dir='ltr'><strong>Romae</strong></span> 
     </span>
     <span class='ocr_line' id='line_1_4' title="bbox 124 609 1342 691; baseline -0.002 -18"><span class='ocrx_word' id='word_1_30' title='bbox 124 613 284 691; x_wconf 83' lang='lat' dir='ltr'><strong>degerent,</strong></span> <span class='ocrx_word' id='word_1_31' title='bbox 312 611 515 671; x_wconf 68' lang='lat' dir='ltr'><strong>excitaverint.</strong></span> <span class='ocrx_word' id='word_1_32' title='bbox 580 609 622 669; x_wconf 85' lang='lat' dir='ltr'><strong>At</strong></span> <span class='ocrx_word' id='word_1_33' title='bbox 647 610 746 687; x_wconf 84' lang='lat' dir='ltr'><strong>aliqua</strong></span> <span class='ocrx_word' id='word_1_34' title='bbox 775 616 873 669; x_wconf 84' lang='lat' dir='ltr'><strong>tamen</strong></span> <span class='ocrx_word' id='word_1_35' title='bbox 900 628 938 669; x_wconf 88' lang='lat' dir='ltr'><strong>ex</strong></span> <span class='ocrx_word' id='word_1_36' title='bbox 965 617 1051 688; x_wconf 89' lang='lat' dir='ltr'><strong>parte</strong></span> <span class='ocrx_word' id='word_1_37' title='bbox 1077 628 1161 669; x_wconf 85' lang='lat' dir='ltr'><strong>suam</strong></span> <span class='ocrx_word' id='word_1_38' title='bbox 1196 610 1342 688; x_wconf 88' lang='lat' dir='ltr'><strong>temporis</strong></span> 
     </span>
     <span class='ocr_line' id='line_1_5' title="bbox 124 692 1340 773; baseline -0.002 -16"><span class='ocrx_word' id='word_1_39' title='bbox 124 697 327 757; x_wconf 83' lang='lat' dir='ltr'><strong>definitionem</strong></span> <span class='ocrx_word' id='word_1_40' title='bbox 362 694 529 755; x_wconf 81' lang='lat' dir='ltr'><strong>confirmari</strong></span> <span class='ocrx_word' id='word_1_41' title='bbox 563 693 753 773; x_wconf 84' lang='lat' dir='ltr'><strong>Vogelius</strong></span> <span class='ocrx_word' id='word_1_42' title='bbox 789 693 938 754; x_wconf 84' lang='lat' dir='ltr'><strong>existimat</strong></span> <span class='ocrx_word' id='word_1_43' title='bbox 972 693 1039 753; x_wconf 94' lang='lat' dir='ltr'><strong>loco</strong></span> <span class='ocrx_word' id='word_1_44' title='bbox 1073 692 1227 766; x_wconf 83' lang='lat' dir='ltr'><strong>Taciti,</strong></span> <span class='ocrx_word' id='word_1_45' title='bbox 1265 695 1340 755; x_wconf 80' lang='lat' dir='ltr'><strong>Anu.</strong></span> 
     </span>
     <span class='ocr_line' id='line_1_6' title="bbox 124 775 1344 861; baseline -0.001 -19"><span class='ocrx_word' id='word_1_46' title='bbox 124 781 176 856; x_wconf 86' lang='lat'><strong>12,</strong></span> <span class='ocrx_word' id='word_1_47' title='bbox 197 778 248 840; x_wconf 76' lang='lat'><strong>52.</strong></span> <span class='ocrx_word' id='word_1_48' title='bbox 263 780 306 859; x_wconf 82' lang='lat' dir='ltr'><strong>l),</strong></span> <span class='ocrx_word' id='word_1_49' title='bbox 324 780 376 839; x_wconf 90' lang='lat' dir='ltr'><strong>ubi</strong></span> <span class='ocrx_word' id='word_1_50' title='bbox 395 780 596 840; x_wconf 74' lang='lat' dir='ltr'><strong>mathematici</strong></span> <span class='ocrx_word' id='word_1_51' title='bbox 616 799 641 837; x_wconf 88' lang='lat' dir='ltr'><strong>a.</strong></span> <span class='ocrx_word' id='word_1_52' title='bbox 663 775 716 838; x_wconf 79' lang='lat'><strong>52.</strong></span> <span class='ocrx_word' id='word_1_53' title='bbox 732 775 771 861; x_wconf 77' lang='lat'><strong>¹¹⁸)</strong></span> <span class='ocrx_word' id='word_1_54' title='bbox 794 798 833 838; x_wconf 81' lang='lat' dir='ltr'><strong>ex</strong></span> <span class='ocrx_word' id='word_1_55' title='bbox 853 784 973 840; x_wconf 86' lang='lat' dir='ltr'><strong>senatus</strong></span> <span class='ocrx_word' id='word_1_56' title='bbox 995 779 1130 838; x_wconf 87' lang='lat' dir='ltr'><strong>consulto</strong></span> <span class='ocrx_word' id='word_1_57' title='bbox 1151 778 1235 837; x_wconf 91' lang='lat' dir='ltr'><strong>ltalia</strong></span> <span class='ocrx_word' id='word_1_58' title='bbox 1264 779 1344 858; x_wconf 85' lang='lat' dir='ltr'><strong>pulsi</strong></span> 
     </span>
     <span class='ocr_line' id='line_1_7' title="bbox 122 862 1356 943; baseline -0.002 -17"><span class='ocrx_word' id='word_1_59' title='bbox 122 866 274 938; x_wconf 87' lang='lat' dir='ltr'><strong>dicuntur,</strong></span> <span class='ocrx_word' id='word_1_60' title='bbox 296 883 369 943; x_wconf 86' lang='lat' dir='ltr'><strong>quos</strong></span> <span class='ocrx_word' id='word_1_61' title='bbox 391 865 470 924; x_wconf 86' lang='lat' dir='ltr'><strong>iuter</strong></span> <span class='ocrx_word' id='word_1_62' title='bbox 490 864 579 925; x_wconf 83' lang='lat' dir='ltr'><strong>facile</strong></span> <span class='ocrx_word' id='word_1_63' title='bbox 600 863 742 939; x_wconf 78' lang='lat' dir='ltr'><strong>ludaeos,</strong></span> <span class='ocrx_word' id='word_1_64' title='bbox 762 862 940 942; x_wconf 74' lang='lat' dir='ltr'><strong>astrologiae</strong></span> <span class='ocrx_word' id='word_1_65' title='bbox 961 864 1072 942; x_wconf 88' lang='lat' dir='ltr'><strong>quippe</strong></span> <span class='ocrx_word' id='word_1_66' title='bbox 1092 872 1267 942; x_wconf 87' lang='lat' dir='ltr'><strong>suspectos,</strong></span> <span class='ocrx_word' id='word_1_67' title='bbox 1293 883 1356 929; x_wconf 63' lang='grc' dir='ltr'><strong>τοι,</strong></span> 
     </span>
     <span class='ocr_line' id='line_1_8' title="bbox 121 945 1344 1030; baseline -0.002 -19"><span class='ocrx_word' id='word_1_68' title='bbox 121 950 197 1011; x_wconf 81' lang='lat' dir='ltr'><strong>larri</strong></span> <span class='ocrx_word' id='word_1_69' title='bbox 226 951 360 1029; x_wconf 84' lang='lat' dir='ltr'><strong>potuisse</strong></span> <span class='ocrx_word' id='word_1_70' title='bbox 386 945 538 1029; x_wconf 70' lang='lat' dir='ltr'><strong>moneto).</strong></span> <span class='ocrx_word' id='word_1_71' title='bbox 597 948 659 1008; x_wconf 86' lang='lat' dir='ltr'><strong>Sed</strong></span> <span class='ocrx_word' id='word_1_72' title='bbox 685 955 908 1028; x_wconf 79' lang='lat' dir='ltr'><strong>praeterquam,</strong></span> <span class='ocrx_word' id='word_1_73' title='bbox 938 947 1016 1026; x_wconf 92' lang='lat' dir='ltr'><strong>qnod</strong></span> <span class='ocrx_word' id='word_1_74' title='bbox 1043 949 1189 1009; x_wconf 89' lang='lat' dir='ltr'><strong>incertum</strong></span> <span class='ocrx_word' id='word_1_75' title='bbox 1219 955 1269 1009; x_wconf 87' lang='lat' dir='ltr'><strong>est</strong></span> <span class='ocrx_word' id='word_1_76' title='bbox 1295 945 1344 1030; x_wconf 91' lang='lat' dir='ltr'><strong>(id</strong></span> 
     </span>
     <span class='ocr_line' id='line_1_9' title="bbox 122 1033 1344 1115; baseline -0.002 -20"><span class='ocrx_word' id='word_1_77' title='bbox 122 1034 202 1115; x_wconf 86' lang='lat' dir='ltr'><strong>quod</strong></span> <span class='ocrx_word' id='word_1_78' title='bbox 223 1034 259 1097; x_wconf 90' lang='lat' dir='ltr'><strong>V.</strong></span> <span class='ocrx_word' id='word_1_79' title='bbox 282 1034 319 1094; x_wconf 87' lang='grc'>11.</span> <span class='ocrx_word' id='word_1_80' title='bbox 340 1036 407 1111; x_wconf 89' lang='lat' dir='ltr'><strong>ipse</strong></span> <span class='ocrx_word' id='word_1_81' title='bbox 428 1033 586 1112; x_wconf 79' lang='lat' dir='ltr'><strong>agnoscit),</strong></span> <span class='ocrx_word' id='word_1_82' title='bbox 608 1052 677 1093; x_wconf 92' lang='lat' dir='ltr'><strong>num</strong></span> <span class='ocrx_word' id='word_1_83' title='bbox 699 1034 757 1094; x_wconf 89' lang='lat' dir='ltr'><strong>boc</strong></span> <span class='ocrx_word' id='word_1_84' title='bbox 779 1034 812 1094; x_wconf 87' lang='lat' dir='ltr'><strong>S.</strong></span> <span class='ocrx_word' id='word_1_85' title='bbox 835 1033 869 1093; x_wconf 84' lang='lat' dir='ltr'><strong>C.</strong></span> <span class='ocrx_word' id='word_1_86' title='bbox 891 1052 997 1093; x_wconf 84' lang='lat' dir='ltr'><strong>revera</strong></span> <span class='ocrx_word' id='word_1_87' title='bbox 1017 1033 1056 1093; x_wconf 91' lang='lat' dir='ltr'><strong>ad</strong></span> <span class='ocrx_word' id='word_1_88' title='bbox 1077 1033 1201 1093; x_wconf 88' lang='lat' dir='ltr'><strong>ludaeos</strong></span> <span class='ocrx_word' id='word_1_89' title='bbox 1222 1050 1344 1111; x_wconf 81' lang='lat' dir='ltr'><strong>qnoque</strong></span> 
     </span>
     <span class='ocr_line' id='line_1_10' title="bbox 126 1117 1345 1200; baseline -0.003 -19"><span class='ocrx_word' id='word_1_90' title='bbox 126 1120 317 1200; x_wconf 84' lang='lat' dir='ltr'><strong>spectaverit,</strong></span> <span class='ocrx_word' id='word_1_91' title='bbox 339 1118 493 1178; x_wconf 85' lang='lat' dir='ltr'><strong>Cornelius</strong></span> <span class='ocrx_word' id='word_1_92' title='bbox 516 1118 637 1190; x_wconf 75' lang='lat' dir='ltr'><strong>diserte,</strong></span> <span class='ocrx_word' id='word_1_93' title='bbox 658 1119 782 1179; x_wconf 79' lang='lat' dir='ltr'><strong>irritum</strong></span> <span class='ocrx_word' id='word_1_94' title='bbox 802 1118 875 1177; x_wconf 91' lang='lat' dir='ltr'><strong>illud</strong></span> <span class='ocrx_word' id='word_1_95' title='bbox 896 1117 1002 1190; x_wconf 82' lang='lat' dir='ltr'><strong>fuisse,</strong></span> <span class='ocrx_word' id='word_1_96' title='bbox 1023 1125 1177 1179; x_wconf 86' lang='lat' dir='ltr'><strong>memorat.</strong></span> <span class='ocrx_word' id='word_1_97' title='bbox 1190 1150 1234 1163; x_wconf 90' lang='lat'>-</span> <span class='ocrx_word' id='word_1_98' title='bbox 1256 1117 1345 1191; x_wconf 88' lang='lat' dir='ltr'><strong>Sunt,</strong></span> 
     </span>
     <span class='ocr_line' id='line_1_11' title="bbox 92 1199 1345 1284; baseline -0.002 -19"><span class='ocrx_word' id='word_1_99' title='bbox 92 1208 96 1221; x_wconf 93' lang='lat'>&#39;</span> <span class='ocrx_word' id='word_1_100' title='bbox 122 1206 173 1284; x_wconf 78' lang='lat' dir='ltr'><strong>qni</strong></span> <span class='ocrx_word' id='word_1_101' title='bbox 194 1218 221 1265; x_wconf 84' lang='lat' dir='ltr'><strong>a&#39;.</strong></span> <span class='ocrx_word' id='word_1_102' title='bbox 235 1204 288 1264; x_wconf 76' lang='lat'><strong>51.</strong></span> <span class='ocrx_word' id='word_1_103' title='bbox 303 1202 414 1281; x_wconf 81' lang='lat' dir='ltr'><strong>eligant</strong></span> <span class='ocrx_word' id='word_1_104' title='bbox 425 1199 473 1284; x_wconf 89' lang='lat'><strong>⁰),</strong></span> <span class='ocrx_word' id='word_1_105' title='bbox 500 1222 556 1264; x_wconf 85' lang='lat' dir='ltr'><strong>nec</strong></span> <span class='ocrx_word' id='word_1_106' title='bbox 577 1209 677 1263; x_wconf 83' lang='lat' dir='ltr'><strong>tamen</strong></span> <span class='ocrx_word' id='word_1_107' title='bbox 698 1204 755 1264; x_wconf 91' lang='lat' dir='ltr'><strong>alia</strong></span> <span class='ocrx_word' id='word_1_108' title='bbox 775 1203 820 1263; x_wconf 88' lang='lat' dir='ltr'><strong>illi</strong></span> <span class='ocrx_word' id='word_1_109' title='bbox 842 1202 961 1283; x_wconf 86' lang='lat' dir='ltr'><strong>quidem</strong></span> <span class='ocrx_word' id='word_1_110' title='bbox 984 1222 1072 1263; x_wconf 86' lang='lat' dir='ltr'><strong>causa</strong></span> <span class='ocrx_word' id='word_1_111' title='bbox 1094 1203 1230 1280; x_wconf 81' lang='lat' dir='ltr'><strong>parmoti,</strong></span> <span class='ocrx_word' id='word_1_112' title='bbox 1252 1220 1345 1281; x_wconf 85' lang='lat' dir='ltr'><strong>quam</strong></span> 
     </span>
     <span class='ocr_line' id='line_1_12' title="bbox 124 1287 1346 1368; baseline -0.002 -19"><span class='ocrx_word' id='word_1_113' title='bbox 124 1291 203 1367; x_wconf 79' lang='lat' dir='ltr'><strong>quod</strong></span> <span class='ocrx_word' id='word_1_114' title='bbox 229 1306 328 1368; x_wconf 89' lang='lat' dir='ltr'><strong>neque</strong></span> <span class='ocrx_word' id='word_1_115' title='bbox 356 1306 463 1349; x_wconf 89' lang='lat' dir='ltr'><strong>annum</strong></span> <span class='ocrx_word' id='word_1_116' title='bbox 491 1288 621 1368; x_wconf 85' lang='lat' dir='ltr'><strong>priorem</strong></span> <span class='ocrx_word' id='word_1_117' title='bbox 650 1307 705 1368; x_wconf 93' lang='lat' dir='ltr'><strong>per</strong></span> <span class='ocrx_word' id='word_1_118' title='bbox 732 1308 813 1363; x_wconf 91' lang='lat' dir='ltr'><strong>eam,</strong></span> <span class='ocrx_word' id='word_1_119' title='bbox 848 1306 936 1367; x_wconf 83' lang='lat' dir='ltr'><strong>quam</strong></span> <span class='ocrx_word' id='word_1_120' title='bbox 963 1287 1021 1366; x_wconf 90' lang='lat' dir='ltr'><strong>ipsi</strong></span> <span class='ocrx_word' id='word_1_121' title='bbox 1048 1288 1220 1360; x_wconf 84' lang='lat' dir='ltr'><strong>instituunt,</strong></span> <span class='ocrx_word' id='word_1_122' title='bbox 1250 1304 1346 1347; x_wconf 78' lang='lat' dir='ltr'><strong>annos</strong></span> 
     </span>
     <span class='ocr_line' id='line_1_13' title="bbox 124 1368 1348 1453; baseline -0.002 -20"><span class='ocrx_word' id='word_1_123' title='bbox 124 1374 262 1433; x_wconf 85' lang='lat' dir='ltr'><strong>Paulinus</strong></span> <span class='ocrx_word' id='word_1_124' title='bbox 291 1372 482 1451; x_wconf 85' lang='lat' dir='ltr'><strong>computandi</strong></span> <span class='ocrx_word' id='word_1_125' title='bbox 511 1374 674 1447; x_wconf 86' lang='lat' dir='ltr'><strong>rationem,</strong></span> <span class='ocrx_word' id='word_1_126' title='bbox 710 1393 809 1453; x_wconf 86' lang='lat' dir='ltr'><strong>neque</strong></span> <span class='ocrx_word' id='word_1_127' title='bbox 838 1373 981 1433; x_wconf 88' lang='lat' dir='ltr'><strong>seriorem</strong></span> <span class='ocrx_word' id='word_1_128' title='bbox 1011 1391 1066 1452; x_wconf 90' lang='lat' dir='ltr'><strong>per</strong></span> <span class='ocrx_word' id='word_1_129' title='bbox 1093 1370 1203 1433; x_wconf 86' lang='lat' dir='ltr'><strong>limites</strong></span> <span class='ocrx_word' id='word_1_130' title='bbox 1223 1368 1348 1452; x_wconf 78' lang='lat' dir='ltr'><strong>imperii</strong></span> 
     </span>
     <span class='ocr_line' id='line_1_14' title="bbox 127 1457 1287 1537; baseline 0.003 -20"><span class='ocrx_word' id='word_1_131' title='bbox 127 1457 280 1519; x_wconf 83' lang='lat' dir='ltr'><strong>Claudiani</strong></span> <span class='ocrx_word' id='word_1_132' title='bbox 300 1476 414 1537; x_wconf 88' lang='lat' dir='ltr'><strong>ponere</strong></span> <span class='ocrx_word' id='word_1_133' title='bbox 434 1458 514 1518; x_wconf 88' lang='lat' dir='ltr'><strong>licet.</strong></span> <span class='ocrx_word' id='word_1_134' title='bbox 1004 1496 1007 1503; x_wconf 91' lang='lat'>·</span> <span class='ocrx_word' id='word_1_135' title='bbox 1279 1470 1287 1485; x_wconf 87' lang='lat'><strong>·</strong></span> 
     </span>
    </p>
   </div>
   <div class='ocr_carea' id='block_1_3' title="bbox 122 1591 1348 2013">
    <p class='ocr_par' dir='ltr' id='par_1_3' title="bbox 122 1591 1348 2013">
     <span class='ocr_line' id='line_1_15' title="bbox 208 1591 1348 1675; baseline -0.002 -22"><span class='ocrx_word' id='word_1_136' title='bbox 208 1592 333 1654; x_wconf 76' lang='lat' dir='ltr'><strong>Rectius</strong></span> <span class='ocrx_word' id='word_1_137' title='bbox 353 1592 440 1667; x_wconf 90' lang='lat' dir='ltr'><strong>inde,</strong></span> <span class='ocrx_word' id='word_1_138' title='bbox 468 1597 546 1674; x_wconf 85' lang='lat' dir='ltr'><strong>quod</strong></span> <span class='ocrx_word' id='word_1_139' title='bbox 567 1595 701 1675; x_wconf 82' lang='lat' dir='ltr'><strong>Agrippa</strong></span> <span class='ocrx_word' id='word_1_140' title='bbox 722 1593 757 1661; x_wconf 83' lang='lat' dir='ltr'><strong>ll.</strong></span> <span class='ocrx_word' id='word_1_141' title='bbox 788 1608 903 1654; x_wconf 86' lang='lat' dir='ltr'><strong>summo</strong></span> <span class='ocrx_word' id='word_1_142' title='bbox 933 1592 1060 1655; x_wconf 87' lang='lat' dir='ltr'><strong>florebat</strong></span> <span class='ocrx_word' id='word_1_143' title='bbox 1080 1591 1218 1653; x_wconf 80' lang='lat' dir='ltr'><strong>Caesaris</strong></span> <span class='ocrx_word' id='word_1_144' title='bbox 1240 1592 1348 1652; x_wconf 83' lang='lat' dir='ltr'><strong>favore</strong></span> 
     </span>
     <span class='ocr_line' id='line_1_16' title="bbox 122 1672 1345 1761; baseline -0.004 -20"><span class='ocrx_word' id='word_1_145' title='bbox 122 1675 179 1761; x_wconf 81' lang='lat' dir='ltr'><strong>(cf.</strong></span> <span class='ocrx_word' id='word_1_146' title='bbox 199 1699 227 1759; x_wconf 96' lang='lat' dir='ltr'><strong>p.</strong></span> <span class='ocrx_word' id='word_1_147' title='bbox 251 1674 353 1760; x_wconf 74' lang='lat' dir='ltr'><strong>tlt),</strong></span> <span class='ocrx_word' id='word_1_148' title='bbox 389 1679 533 1754; x_wconf 88' lang='lat' dir='ltr'><strong>ludaeos,</strong></span> <span class='ocrx_word' id='word_1_149' title='bbox 569 1681 706 1760; x_wconf 87' lang='lat' dir='ltr'><strong>quamdiu</strong></span> <span class='ocrx_word' id='word_1_150' title='bbox 741 1679 793 1739; x_wconf 93' lang='lat' dir='ltr'><strong>ille</strong></span> <span class='ocrx_word' id='word_1_151' title='bbox 827 1672 941 1739; x_wconf 86' lang='lat' dir='ltr'><strong>Romae</strong></span> <span class='ocrx_word' id='word_1_152' title='bbox 977 1678 1108 1759; x_wconf 77' lang='lat' dir='ltr'><strong>degerit,</strong></span> <span class='ocrx_word' id='word_1_153' title='bbox 1143 1676 1164 1737; x_wconf 91' lang='lat' dir='ltr'><strong>i.</strong></span> <span class='ocrx_word' id='word_1_154' title='bbox 1195 1696 1223 1737; x_wconf 91' lang='lat' dir='ltr'><strong>e.</strong></span> <span class='ocrx_word' id='word_1_155' title='bbox 1257 1676 1345 1737; x_wconf 90' lang='lat' dir='ltr'><strong>ada.</strong></span> 
     </span>
     <span class='ocr_line' id='line_1_17' title="bbox 127 1760 1347 1843; baseline -0.003 -19"><span class='ocrx_word' id='word_1_156' title='bbox 127 1771 211 1825; x_wconf 89' lang='lat' dir='ltr'><strong>certe</strong></span> <span class='ocrx_word' id='word_1_157' title='bbox 237 1763 288 1823; x_wconf 78' lang='grc'><strong>49.</strong></span> <span class='ocrx_word' id='word_1_158' title='bbox 307 1765 338 1843; x_wconf 71' lang='grc' dir='ltr'><strong>Ρ)</strong></span> <span class='ocrx_word' id='word_1_159' title='bbox 377 1765 465 1824; x_wconf 81' lang='lat' dir='ltr'><strong>exilio</strong></span> <span class='ocrx_word' id='word_1_160' title='bbox 502 1782 560 1824; x_wconf 92' lang='lat' dir='ltr'><strong>non</strong></span> <span class='ocrx_word' id='word_1_161' title='bbox 588 1784 658 1825; x_wconf 88' lang='lat' dir='ltr'><strong>esse</strong></span> <span class='ocrx_word' id='word_1_162' title='bbox 692 1764 835 1838; x_wconf 84' lang='lat' dir='ltr'><strong>affectos,</strong></span> <span class='ocrx_word' id='word_1_163' title='bbox 872 1760 1064 1825; x_wconf 84' lang='lat' dir='ltr'><strong>concluaseri.</strong></span> <span class='ocrx_word' id='word_1_164' title='bbox 1125 1760 1238 1823; x_wconf 82' lang='lat' dir='ltr'><strong>Verum</strong></span> <span class='ocrx_word' id='word_1_165' title='bbox 1277 1760 1347 1821; x_wconf 92' lang='lat' dir='ltr'><strong>binc</strong></span> 
     </span>
     <span class='ocr_line' id='line_1_18' title="bbox 124 1846 1347 1930; baseline -0.002 -19"><span class='ocrx_word' id='word_1_166' title='bbox 124 1849 182 1911; x_wconf 90' lang='lat' dir='ltr'><strong>etsi</strong></span> <span class='ocrx_word' id='word_1_167' title='bbox 208 1848 282 1911; x_wconf 91' lang='lat' dir='ltr'><strong>illud</strong></span> <span class='ocrx_word' id='word_1_168' title='bbox 311 1850 534 1930; x_wconf 83' lang='lat' dir='ltr'><strong>cognoscimus,</strong></span> <span class='ocrx_word' id='word_1_169' title='bbox 574 1849 699 1910; x_wconf 88' lang='lat' dir='ltr'><strong>ludaeos</strong></span> <span class='ocrx_word' id='word_1_170' title='bbox 730 1850 779 1908; x_wconf 82' lang='lat' dir='ltr'><strong>vir</strong></span> <span class='ocrx_word' id='word_1_171' title='bbox 808 1849 891 1927; x_wconf 89' lang='lat' dir='ltr'><strong>prius</strong></span> <span class='ocrx_word' id='word_1_172' title='bbox 919 1846 976 1907; x_wconf 90' lang='lat' dir='ltr'><strong>hoc</strong></span> <span class='ocrx_word' id='word_1_173' title='bbox 998 1866 1075 1907; x_wconf 89' lang='lat' dir='ltr'><strong>anno</strong></span> <span class='ocrx_word' id='word_1_174' title='bbox 1103 1846 1199 1908; x_wconf 83' lang='lat' dir='ltr'><strong>Roma</strong></span> <span class='ocrx_word' id='word_1_175' title='bbox 1230 1848 1347 1908; x_wconf 82' lang='lat' dir='ltr'><strong>eiectos</strong></span> 
     </span>
     <span class='ocr_line' id='line_1_19' title="bbox 124 1932 1165 2013; baseline -0.004 -19"><span class='ocrx_word' id='word_1_176' title='bbox 124 1952 207 2010; x_wconf 86' lang='lat' dir='ltr'><strong>esse,</strong></span> <span class='ocrx_word' id='word_1_177' title='bbox 228 1942 341 2007; x_wconf 89' lang='lat' dir='ltr'><strong>tamen,</strong></span> <span class='ocrx_word' id='word_1_178' title='bbox 364 1939 474 2013; x_wconf 89' lang='lat' dir='ltr'><strong>quanto</strong></span> <span class='ocrx_word' id='word_1_179' title='bbox 496 1934 593 1994; x_wconf 90' lang='lat' dir='ltr'><strong>serius</strong></span> <span class='ocrx_word' id='word_1_180' title='bbox 615 1953 651 1994; x_wconf 92' lang='lat' dir='ltr'><strong>ea</strong></span> <span class='ocrx_word' id='word_1_181' title='bbox 671 1954 721 1995; x_wconf 91' lang='lat' dir='ltr'><strong>res</strong></span> <span class='ocrx_word' id='word_1_182' title='bbox 744 1932 896 2008; x_wconf 86' lang='lat' dir='ltr'><strong>acciderit,</strong></span> <span class='ocrx_word' id='word_1_183' title='bbox 917 1950 975 1992; x_wconf 92' lang='lat' dir='ltr'><strong>non</strong></span> <span class='ocrx_word' id='word_1_184' title='bbox 998 1933 1165 1994; x_wconf 90' lang='lat' dir='ltr'><strong>edocemur.</strong></span> 
     </span>
    </p>
   </div>
   <div class='ocr_carea' id='block_1_4' title="bbox 122 2066 1397 2917">
    <p class='ocr_par' dir='ltr' id='par_1_4' title="bbox 122 2066 1397 2917">
     <span class='ocr_line' id='line_1_20' title="bbox 207 2066 1348 2149; baseline 0.002 -20"><span class='ocrx_word' id='word_1_185' title='bbox 207 2069 240 2130; x_wconf 94' lang='lat' dir='ltr'><strong>ln</strong></span> <span class='ocrx_word' id='word_1_186' title='bbox 268 2070 327 2130; x_wconf 88' lang='lat' dir='ltr'><strong>bac</strong></span> <span class='ocrx_word' id='word_1_187' title='bbox 355 2074 596 2149; x_wconf 82' lang='lat' dir='ltr'><strong>argumentorum</strong></span> <span class='ocrx_word' id='word_1_188' title='bbox 627 2070 800 2129; x_wconf 74' lang='lat' dir='ltr'><strong>inllrmitdte</strong></span> <span class='ocrx_word' id='word_1_189' title='bbox 829 2072 943 2128; x_wconf 85' lang='lat' dir='ltr'><strong>tautum</strong></span> <span class='ocrx_word' id='word_1_190' title='bbox 964 2066 1066 2142; x_wconf 79' lang='lat' dir='ltr'><strong>abest,</strong></span> <span class='ocrx_word' id='word_1_191' title='bbox 1094 2074 1143 2143; x_wconf 83' lang='lat' dir='ltr'><strong>ut,</strong></span> <span class='ocrx_word' id='word_1_192' title='bbox 1171 2088 1250 2149; x_wconf 87' lang='lat' dir='ltr'><strong>quae</strong></span> <span class='ocrx_word' id='word_1_193' title='bbox 1277 2072 1348 2133; x_wconf 83' lang='lat' dir='ltr'><strong>Act.</strong></span> 
     </span>
     <span class='ocr_line' id='line_1_21' title="bbox 125 2152 1348 2235; baseline 0.003 -22"><span class='ocrx_word' id='word_1_194' title='bbox 125 2154 176 2227; x_wconf 98' lang='grc'>18,</span> <span class='ocrx_word' id='word_1_195' title='bbox 197 2154 227 2213; x_wconf 86' lang='lat'><strong>2.</strong></span> <span class='ocrx_word' id='word_1_196' title='bbox 250 2163 422 2227; x_wconf 88' lang='lat' dir='ltr'><strong>narrantur,</strong></span> <span class='ocrx_word' id='word_1_197' title='bbox 454 2153 610 2233; x_wconf 84' lang='lat' dir='ltr'><strong>quidquam</strong></span> <span class='ocrx_word' id='word_1_198' title='bbox 637 2155 753 2213; x_wconf 83' lang='lat' dir='ltr'><strong>valeant</strong></span> <span class='ocrx_word' id='word_1_199' title='bbox 775 2153 812 2212; x_wconf 87' lang='lat' dir='ltr'><strong>ad</strong></span> <span class='ocrx_word' id='word_1_200' title='bbox 834 2152 1034 2213; x_wconf 88' lang='lat' dir='ltr'><strong>deliniendum</strong></span> <span class='ocrx_word' id='word_1_201' title='bbox 1056 2170 1164 2214; x_wconf 88' lang='lat' dir='ltr'><strong>anunm</strong></span> <span class='ocrx_word' id='word_1_202' title='bbox 1186 2174 1267 2228; x_wconf 89' lang='lat' dir='ltr'><strong>eum,</strong></span> <span class='ocrx_word' id='word_1_203' title='bbox 1290 2176 1348 2235; x_wconf 76' lang='lat' dir='ltr'><strong>qao</strong></span> 
     </span>
     <span class='ocr_line' id='line_1_22' title="bbox 122 2237 1347 2319; baseline 0 -19"><span class='ocrx_word' id='word_1_204' title='bbox 122 2238 231 2300; x_wconf 85' lang='lat' dir='ltr'><strong>Paulus</strong></span> <span class='ocrx_word' id='word_1_205' title='bbox 261 2238 435 2299; x_wconf 81' lang='lat' dir='ltr'><strong>Corinthum</strong></span> <span class='ocrx_word' id='word_1_206' title='bbox 463 2240 596 2313; x_wconf 88' lang='lat' dir='ltr'><strong>venerit,</strong></span> <span class='ocrx_word' id='word_1_207' title='bbox 631 2246 682 2312; x_wconf 85' lang='lat' dir='ltr'><strong>ut,</strong></span> <span class='ocrx_word' id='word_1_208' title='bbox 712 2240 769 2297; x_wconf 88' lang='lat' dir='ltr'><strong>hoc</strong></span> <span class='ocrx_word' id='word_1_209' title='bbox 795 2238 861 2317; x_wconf 85' lang='lat' dir='ltr'><strong>ipso</strong></span> <span class='ocrx_word' id='word_1_210' title='bbox 890 2245 1028 2317; x_wconf 87' lang='lat' dir='ltr'><strong>tempore</strong></span> <span class='ocrx_word' id='word_1_211' title='bbox 1065 2237 1182 2298; x_wconf 92' lang='lat' dir='ltr'><strong>aliunde</strong></span> <span class='ocrx_word' id='word_1_212' title='bbox 1216 2244 1347 2319; x_wconf 81' lang='lat' dir='ltr'><strong>cognito,</strong></span> 
     </span>
     <span class='ocr_line' id='line_1_23' title="bbox 123 2321 1346 2405; baseline 0.003 -23"><span class='ocrx_word' id='word_1_213' title='bbox 123 2321 240 2403; x_wconf 88' lang='lat' dir='ltr'><strong>quando</strong></span> <span class='ocrx_word' id='word_1_214' title='bbox 266 2322 316 2382; x_wconf 91' lang='lat' dir='ltr'><strong>illa</strong></span> <span class='ocrx_word' id='word_1_215' title='bbox 348 2324 541 2400; x_wconf 77' lang='lat' dir='ltr'><strong>contigerint,</strong></span> <span class='ocrx_word' id='word_1_216' title='bbox 574 2322 809 2384; x_wconf 86' lang='lat' dir='ltr'><strong>constituendum</strong></span> <span class='ocrx_word' id='word_1_217' title='bbox 837 2322 885 2382; x_wconf 88' lang='lat' dir='ltr'><strong>sit.</strong></span> <span class='ocrx_word' id='word_1_218' title='bbox 936 2323 979 2383; x_wconf 83' lang='lat' dir='ltr'><strong>Ac</strong></span> <span class='ocrx_word' id='word_1_219' title='bbox 1011 2324 1146 2400; x_wconf 87' lang='lat' dir='ltr'><strong>quoniam</strong></span> <span class='ocrx_word' id='word_1_220' title='bbox 1175 2327 1346 2405; x_wconf 88' lang='lat' dir='ltr'><strong>apostolum</strong></span> 
     </span>
     <span class='ocr_line' id='line_1_24' title="bbox 124 2403 1347 2489; baseline 0.004 -21"><span class='ocrx_word' id='word_1_221' title='bbox 124 2426 200 2469; x_wconf 89' lang='lat' dir='ltr'><strong>anno</strong></span> <span class='ocrx_word' id='word_1_222' title='bbox 223 2404 281 2487; x_wconf 24' lang='lat'><strong>¹52.</strong></span> <span class='ocrx_word' id='word_1_223' title='bbox 324 2406 497 2468; x_wconf 75' lang='lat' dir='ltr'><strong>corinthum</strong></span> <span class='ocrx_word' id='word_1_224' title='bbox 532 2409 660 2468; x_wconf 85' lang='lat' dir='ltr'><strong>intrasse</strong></span> <span class='ocrx_word' id='word_1_225' title='bbox 696 2427 785 2487; x_wconf 87' lang='lat' dir='ltr'><strong>supra</strong></span> <span class='ocrx_word' id='word_1_226' title='bbox 808 2403 853 2489; x_wconf 94' lang='lat' dir='ltr'><strong>(p.</strong></span> <span class='ocrx_word' id='word_1_227' title='bbox 877 2405 963 2486; x_wconf 86' lang='lat'><strong>114.)</strong></span> <span class='ocrx_word' id='word_1_228' title='bbox 995 2406 1166 2482; x_wconf 84' lang='lat' dir='ltr'><strong>didicimus,</strong></span> <span class='ocrx_word' id='word_1_229' title='bbox 1202 2415 1254 2471; x_wconf 87' lang='lat' dir='ltr'><strong>aut</strong></span> <span class='ocrx_word' id='word_1_230' title='bbox 1291 2411 1347 2473; x_wconf 92' lang='lat' dir='ltr'><strong>boc</strong></span> 
     </span>
     <span class='ocr_line' id='line_1_25' title="bbox 123 2487 1397 2574; baseline -0.002 -21"><span class='ocrx_word' id='word_1_231' title='bbox 123 2511 217 2569; x_wconf 86' lang='lat' dir='ltr'><strong>anno,</strong></span> <span class='ocrx_word' id='word_1_232' title='bbox 252 2498 303 2553; x_wconf 87' lang='lat' dir='ltr'><strong>aut</strong></span> <span class='ocrx_word' id='word_1_233' title='bbox 330 2487 424 2574; x_wconf 87' lang='lat' dir='ltr'><strong>(quod</strong></span> <span class='ocrx_word' id='word_1_234' title='bbox 451 2498 550 2565; x_wconf 79' lang='lat' dir='ltr'><strong>tumen</strong></span> <span class='ocrx_word' id='word_1_235' title='bbox 579 2492 675 2553; x_wconf 89' lang='lat' dir='ltr'><strong>minus</strong></span> <span class='ocrx_word' id='word_1_236' title='bbox 713 2492 872 2553; x_wconf 83' lang='lat' dir='ltr'><strong>verisimile</strong></span> <span class='ocrx_word' id='word_1_237' title='bbox 902 2488 1101 2570; x_wconf 86' lang='lat' dir='ltr'><strong>arbitramur)</strong></span> <span class='ocrx_word' id='word_1_238' title='bbox 1125 2500 1201 2555; x_wconf 86' lang='lat' dir='ltr'><strong>anno</strong></span> <span class='ocrx_word' id='word_1_239' title='bbox 1222 2500 1346 2557; x_wconf 86' lang='lat' dir='ltr'><strong>antece-</strong></span> <span class='ocrx_word' id='word_1_240' title='bbox 1394 2544 1397 2551; x_wconf 90' lang='lat'><strong>.</strong></span> 
     </span>
     <span class='ocr_line' id='line_1_26' title="bbox 124 2576 1346 2657; baseline 0.003 -20"><span class='ocrx_word' id='word_1_241' title='bbox 124 2577 215 2638; x_wconf 90' lang='lat' dir='ltr'><strong>dente</strong></span> <span class='ocrx_word' id='word_1_242' title='bbox 237 2576 362 2639; x_wconf 87' lang='lat' dir='ltr'><strong>ludaeos</strong></span> <span class='ocrx_word' id='word_1_243' title='bbox 397 2598 415 2637; x_wconf 93' lang='lat' dir='ltr'><strong>a</strong></span> <span class='ocrx_word' id='word_1_244' title='bbox 450 2576 573 2638; x_wconf 78' lang='lat' dir='ltr'><strong>Claudio</strong></span> <span class='ocrx_word' id='word_1_245' title='bbox 602 2577 697 2637; x_wconf 87' lang='lat' dir='ltr'><strong>Roma</strong></span> <span class='ocrx_word' id='word_1_246' title='bbox 727 2578 867 2657; x_wconf 80' lang='lat' dir='ltr'><strong>expulsos</strong></span> <span class='ocrx_word' id='word_1_247' title='bbox 901 2595 970 2637; x_wconf 85' lang='lat' dir='ltr'><strong>esse</strong></span> <span class='ocrx_word' id='word_1_248' title='bbox 997 2597 1161 2639; x_wconf 89' lang='lat' dir='ltr'><strong>censemus.</strong></span> <span class='ocrx_word' id='word_1_249' title='bbox 1228 2579 1346 2657; x_wconf 80' lang='lat' dir='ltr'><strong>Quibus</strong></span> 
     </span>
     <span class='ocr_line' id='line_1_27' title="bbox 122 2660 1348 2742; baseline 0.004 -21"><span class='ocrx_word' id='word_1_250' title='bbox 122 2660 181 2721; x_wconf 88' lang='lat' dir='ltr'><strong>boc</strong></span> <span class='ocrx_word' id='word_1_251' title='bbox 207 2674 295 2723; x_wconf 87' lang='lat' dir='ltr'><strong>unum</strong></span> <span class='ocrx_word' id='word_1_252' title='bbox 333 2663 430 2724; x_wconf 90' lang='lat' dir='ltr'><strong>obiter</strong></span> <span class='ocrx_word' id='word_1_253' title='bbox 463 2660 631 2722; x_wconf 89' lang='lat' dir='ltr'><strong>addendum</strong></span> <span class='ocrx_word' id='word_1_254' title='bbox 667 2662 819 2737; x_wconf 91' lang='lat' dir='ltr'><strong>ducimus,</strong></span> <span class='ocrx_word' id='word_1_255' title='bbox 863 2661 961 2722; x_wconf 83' lang='lat' dir='ltr'><strong>Taciti</strong></span> <span class='ocrx_word' id='word_1_256' title='bbox 993 2669 1025 2722; x_wconf 88' lang='lat' dir='ltr'><strong>et</strong></span> <span class='ocrx_word' id='word_1_257' title='bbox 1059 2661 1179 2742; x_wconf 86' lang='lat' dir='ltr'><strong>losepbi</strong></span> <span class='ocrx_word' id='word_1_258' title='bbox 1215 2664 1255 2724; x_wconf 91' lang='lat' dir='ltr'><strong>de</strong></span> <span class='ocrx_word' id='word_1_259' title='bbox 1291 2667 1348 2726; x_wconf 90' lang='lat' dir='ltr'><strong>bac</strong></span> 
     </span>
     <span class='ocr_line' id='line_1_28' title="bbox 124 2746 1347 2828; baseline 0.003 -22"><span class='ocrx_word' id='word_1_260' title='bbox 124 2746 300 2809; x_wconf 85' lang='lat' dir='ltr'><strong>ludaeorum</strong></span> <span class='ocrx_word' id='word_1_261' title='bbox 336 2746 505 2809; x_wconf 77' lang='lat' dir='ltr'><strong>calamitate</strong></span> <span class='ocrx_word' id='word_1_262' title='bbox 535 2747 685 2808; x_wconf 87' lang='lat' dir='ltr'><strong>silentium</strong></span> <span class='ocrx_word' id='word_1_263' title='bbox 720 2748 769 2808; x_wconf 83' lang='lat' dir='ltr'><strong>vix</strong></span> <span class='ocrx_word' id='word_1_264' title='bbox 806 2746 901 2807; x_wconf 84' lang='lat' dir='ltr'><strong>videri</strong></span> <span class='ocrx_word' id='word_1_265' title='bbox 930 2746 1027 2825; x_wconf 88' lang='lat' dir='ltr'><strong>aptius</strong></span> <span class='ocrx_word' id='word_1_266' title='bbox 1063 2749 1208 2828; x_wconf 81' lang='lat' dir='ltr'><strong>explicari</strong></span> <span class='ocrx_word' id='word_1_267' title='bbox 1244 2769 1347 2828; x_wconf 86' lang='lat' dir='ltr'><strong>posse,</strong></span> 
     </span>
     <span class='ocr_line' id='line_1_29' title="bbox 124 2831 1347 2917; baseline 0.007 -26"><span class='ocrx_word' id='word_1_268' title='bbox 124 2850 212 2911; x_wconf 88' lang='lat' dir='ltr'><strong>quam</strong></span> <span class='ocrx_word' id='word_1_269' title='bbox 242 2851 279 2893; x_wconf 85' lang='lat' dir='ltr'><strong>ex</strong></span> <span class='ocrx_word' id='word_1_270' title='bbox 309 2832 456 2894; x_wconf 85' lang='lat' dir='ltr'><strong>brevitate</strong></span> <span class='ocrx_word' id='word_1_271' title='bbox 486 2832 648 2909; x_wconf 84' lang='lat' dir='ltr'><strong>intervalli,</strong></span> <span class='ocrx_word' id='word_1_272' title='bbox 687 2852 746 2912; x_wconf 91' lang='lat' dir='ltr'><strong>quo</strong></span> <span class='ocrx_word' id='word_1_273' title='bbox 782 2831 969 2913; x_wconf 81' lang='lat' dir='ltr'><strong>imperatoris</strong></span> <span class='ocrx_word' id='word_1_274' title='bbox 997 2831 1126 2893; x_wconf 88' lang='lat' dir='ltr'><strong>edictum</strong></span> <span class='ocrx_word' id='word_1_275' title='bbox 1152 2832 1283 2897; x_wconf 85' lang='lat' dir='ltr'><strong>valuerit</strong></span> <span class='ocrx_word' id='word_1_276' title='bbox 1298 2835 1347 2917; x_wconf 70' lang='lat'>9)‚;</span> 
     </span>
    </p>
   </div>
   <div class='ocr_carea' id='block_1_5' title="bbox 125 3023 322 3034">
    <p class='ocr_par' dir='ltr' id='par_1_5' title="bbox 125 3023 322 3034">
     <span class='ocr_line' id='line_1_30' title="bbox 125 3023 322 3034; baseline 0.025 -5"><span class='ocrx_word' id='word_1_277' title='bbox 125 3023 322 3034; x_wconf 53' lang='grc' dir='ltr'><strong>-Ἦ</strong></span> 
     </span>
    </p>
   </div>
   <div class='ocr_carea' id='block_1_6' title="bbox 190 3132 1394 4628">
    <p class='ocr_par' dir='ltr' id='par_1_6' title="bbox 190 3132 1394 4628">
     <span class='ocr_line' id='line_1_31' title="bbox 193 3132 1352 3203; baseline 0.003 -19"><span class='ocrx_word' id='word_1_278' title='bbox 193 3134 217 3200; x_wconf 84' lang='lat' dir='ltr'><strong>l)</strong></span> <span class='ocrx_word' id='word_1_279' title='bbox 231 3132 290 3203; x_wconf 81' lang='lat' dir='ltr'><strong>Quo</strong></span> <span class='ocrx_word' id='word_1_280' title='bbox 308 3135 370 3186; x_wconf 93' lang='lat' dir='ltr'><strong>loco</strong></span> <span class='ocrx_word' id='word_1_281' title='bbox 387 3135 443 3185; x_wconf 82' lang='lat' dir='ltr'><strong>iam</strong></span> <span class='ocrx_word' id='word_1_282' title='bbox 458 3132 649 3188; x_wconf 75' lang='lat' dir='ltr'><strong>Calvisius</strong></span> <span class='ocrx_word' id='word_1_283' title='bbox 667 3134 702 3186; x_wconf 83' lang='lat' dir='ltr'><strong>ud</strong></span> <span class='ocrx_word' id='word_1_284' title='bbox 718 3154 775 3188; x_wconf 80' lang='lat' dir='ltr'><strong>rem</strong></span> <span class='ocrx_word' id='word_1_285' title='bbox 793 3133 905 3186; x_wconf 81' lang='lat' dir='ltr'><strong>caudam</strong></span> <span class='ocrx_word' id='word_1_286' title='bbox 923 3132 1158 3185; x_wconf 76' lang='lat' dir='ltr'><strong>demonstrandam</strong></span> <span class='ocrx_word' id='word_1_287' title='bbox 1175 3152 1238 3187; x_wconf 84' lang='lat' dir='ltr'><strong>usus</strong></span> <span class='ocrx_word' id='word_1_288' title='bbox 1256 3134 1352 3188; x_wconf 82' lang='lat' dir='ltr'><strong>fuerat</strong></span> 
     </span>
     <span class='ocr_line' id='line_1_32' title="bbox 191 3200 1348 3273; baseline 0.003 -19"><span class='ocrx_word' id='word_1_289' title='bbox 191 3203 248 3273; x_wconf 88' lang='lat' dir='ltr'><strong>(op.</strong></span> <span class='ocrx_word' id='word_1_290' title='bbox 275 3200 395 3255; x_wconf 83' lang='lat' dir='ltr'><strong>chronol.</strong></span> <span class='ocrx_word' id='word_1_291' title='bbox 442 3238 449 3253; x_wconf 87' lang='lat'><strong>.</strong></span> <span class='ocrx_word' id='word_1_292' title='bbox 473 3203 553 3267; x_wconf 75' lang='grc'>4411).</span> <span class='ocrx_word' id='word_1_293' title='bbox 606 3201 647 3256; x_wconf 81' lang='lat' dir='ltr'><strong>cf.</strong></span> <span class='ocrx_word' id='word_1_294' title='bbox 671 3207 752 3255; x_wconf 80' lang='lat' dir='ltr'><strong>etiam</strong></span> <span class='ocrx_word' id='word_1_295' title='bbox 774 3204 987 3254; x_wconf 81' lang='lat' dir='ltr'><strong>Pearsonius</strong></span> <span class='ocrx_word' id='word_1_296' title='bbox 1020 3206 1097 3267; x_wconf 88' lang='lat' dir='ltr'><strong>(auu.</strong></span> <span class='ocrx_word' id='word_1_297' title='bbox 1121 3202 1197 3255; x_wconf 89' lang='lat' dir='ltr'><strong>Paul.</strong></span> <span class='ocrx_word' id='word_1_298' title='bbox 1225 3222 1252 3272; x_wconf 91' lang='lat' dir='ltr'><strong>p.</strong></span> <span class='ocrx_word' id='word_1_299' title='bbox 1279 3205 1348 3269; x_wconf 76' lang='lat'><strong>22).</strong></span> 
     </span>
     <span class='ocr_line' id='line_1_33' title="bbox 191 3268 1347 3337; baseline 0.002 -17"><span class='ocrx_word' id='word_1_300' title='bbox 191 3273 229 3337; x_wconf 88' lang='lat' dir='ltr'><strong>m)</strong></span> <span class='ocrx_word' id='word_1_301' title='bbox 248 3270 346 3321; x_wconf 84' lang='lat' dir='ltr'><strong>Fausto</strong></span> <span class='ocrx_word' id='word_1_302' title='bbox 369 3269 407 3321; x_wconf 84' lang='lat' dir='ltr'><strong>su</strong></span> <span class='ocrx_word' id='word_1_303' title='bbox 429 3288 445 3320; x_wconf 85' lang='lat' dir='ltr'><strong>a</strong></span> <span class='ocrx_word' id='word_1_304' title='bbox 460 3270 491 3321; x_wconf 89' lang='lat' dir='ltr'><strong>L.</strong></span> <span class='ocrx_word' id='word_1_305' title='bbox 510 3270 601 3322; x_wconf 81' lang='lat' dir='ltr'><strong>Salvio</strong></span> <span class='ocrx_word' id='word_1_306' title='bbox 620 3269 726 3333; x_wconf 84' lang='lat' dir='ltr'><strong>Othone</strong></span> <span class='ocrx_word' id='word_1_307' title='bbox 745 3268 817 3323; x_wconf 84' lang='lat' dir='ltr'><strong>Coss.</strong></span> <span class='ocrx_word' id='word_1_308' title='bbox 839 3270 949 3321; x_wconf 87' lang='lat' dir='ltr'><strong>Factum</strong></span> <span class='ocrx_word' id='word_1_309' title='bbox 973 3281 1012 3320; x_wconf 85' lang='lat' dir='ltr'><strong>est</strong></span> <span class='ocrx_word' id='word_1_310' title='bbox 1029 3269 1079 3321; x_wconf 89' lang='lat' dir='ltr'><strong>hoc</strong></span> <span class='ocrx_word' id='word_1_311' title='bbox 1097 3270 1124 3322; x_wconf 88' lang='lat' dir='ltr'><strong>S.</strong></span> <span class='ocrx_word' id='word_1_312' title='bbox 1143 3268 1347 3325; x_wconf 84' lang='lat' dir='ltr'><strong>C.meuse1a-</strong></span> 
     </span>
     <span class='ocr_line' id='line_1_34' title="bbox 190 3336 1348 3406; baseline 0.001 -18"><span class='ocrx_word' id='word_1_313' title='bbox 190 3339 385 3404; x_wconf 77' lang='lat' dir='ltr'><strong>nuar103nam</strong></span> <span class='ocrx_word' id='word_1_314' title='bbox 403 3338 512 3388; x_wconf 77' lang='lat' dir='ltr'><strong>Tacitus</strong></span> <span class='ocrx_word' id='word_1_315' title='bbox 541 3338 626 3401; x_wconf 77' lang='lat' dir='ltr'><strong>(dun.</strong></span> <span class='ocrx_word' id='word_1_316' title='bbox 645 3344 686 3404; x_wconf 92' lang='lat'><strong>12,</strong></span> <span class='ocrx_word' id='word_1_317' title='bbox 704 3339 761 3404; x_wconf 83' lang='grc'>53.)</span> <span class='ocrx_word' id='word_1_318' title='bbox 786 3340 856 3387; x_wconf 83' lang='lat' dir='ltr'><strong>inter</strong></span> <span class='ocrx_word' id='word_1_319' title='bbox 879 3348 920 3388; x_wconf 88' lang='lat' dir='ltr'><strong>r&#39;es</strong></span> <span class='ocrx_word' id='word_1_320' title='bbox 946 3338 1027 3406; x_wconf 91' lang='lat' dir='ltr'><strong>paulo</strong></span> <span class='ocrx_word' id='word_1_321' title='bbox 1053 3341 1136 3388; x_wconf 82' lang='lat' dir='ltr'><strong>serius</strong></span> <span class='ocrx_word' id='word_1_322' title='bbox 1161 3348 1247 3405; x_wconf 83' lang='lat' dir='ltr'><strong>gestas</strong></span> <span class='ocrx_word' id='word_1_323' title='bbox 1271 3336 1348 3394; x_wconf 71' lang='grc'>8.(1.</span> 
     </span>
     <span class='ocr_line' id='line_1_35' title="bbox 191 3403 1345 3474; baseline 0.003 -19"><span class='ocrx_word' id='word_1_324' title='bbox 191 3415 322 3457; x_wconf 87' lang='lat' dir='ltr'><strong>memorat</strong></span> <span class='ocrx_word' id='word_1_325' title='bbox 346 3423 405 3456; x_wconf 85' lang='lat' dir='ltr'><strong>sere</strong></span> <span class='ocrx_word' id='word_1_326' title='bbox 427 3404 538 3474; x_wconf 92' lang='lat' dir='ltr'><strong>publico</strong></span> <span class='ocrx_word' id='word_1_327' title='bbox 562 3403 662 3468; x_wconf 83' lang='lat' dir='ltr'><strong>fixum,</strong></span> <span class='ocrx_word' id='word_1_328' title='bbox 708 3424 742 3456; x_wconf 91' lang='lat' dir='ltr'><strong>uo</strong></span> <span class='ocrx_word' id='word_1_329' title='bbox 759 3404 846 3455; x_wconf 86' lang='lat' dir='ltr'><strong>Pallas</strong></span> <span class='ocrx_word' id='word_1_330' title='bbox 871 3407 998 3472; x_wconf 80' lang='lat' dir='ltr'><strong>antiquae</strong></span> <span class='ocrx_word' id='word_1_331' title='bbox 1016 3407 1198 3473; x_wconf 84' lang='lat' dir='ltr'><strong>parcimoniae</strong></span> <span class='ocrx_word' id='word_1_332' title='bbox 1216 3405 1345 3458; x_wconf 83' lang='lat' dir='ltr'><strong>laudibus</strong></span> 
     </span>
     <span class='ocr_line' id='line_1_36' title="bbox 192 3426 1347 3542; baseline 0.003 -19"><span class='ocrx_word' id='word_1_333' title='bbox 192 3472 340 3523; x_wconf 87' lang='lat' dir='ltr'><strong>cumulatus</strong></span> <span class='ocrx_word' id='word_1_334' title='bbox 358 3472 448 3534; x_wconf 87' lang='lat' dir='ltr'><strong>fuerit,</strong></span> <span class='ocrx_word' id='word_1_335' title='bbox 467 3471 541 3542; x_wconf 88' lang='lat' dir='ltr'><strong>quod</strong></span> <span class='ocrx_word' id='word_1_336' title='bbox 559 3472 669 3542; x_wconf 86' lang='lat' dir='ltr'><strong>quidem</strong></span> <span class='ocrx_word' id='word_1_337' title='bbox 687 3426 823 3526; x_wconf 78' lang='lat' dir='ltr'><strong>decretum</strong></span> <span class='ocrx_word' id='word_1_338' title='bbox 841 3490 864 3524; x_wconf 83' lang='lat' dir='ltr'><strong>a.</strong></span> <span class='ocrx_word' id='word_1_339' title='bbox 882 3473 908 3525; x_wconf 91' lang='lat' dir='ltr'><strong>d.</strong></span> <span class='ocrx_word' id='word_1_340' title='bbox 926 3472 972 3524; x_wconf 86' lang='lat' dir='ltr'><strong>lV.</strong></span> <span class='ocrx_word' id='word_1_341' title='bbox 990 3472 1051 3522; x_wconf 85' lang='lat' dir='ltr'><strong>Kal.</strong></span> <span class='ocrx_word' id='word_1_342' title='bbox 1064 3472 1142 3524; x_wconf 81' lang='lat' dir='ltr'><strong>Febr.</strong></span> <span class='ocrx_word' id='word_1_343' title='bbox 1160 3473 1262 3524; x_wconf 85' lang='lat' dir='ltr'><strong>factum</strong></span> <span class='ocrx_word' id='word_1_344' title='bbox 1282 3492 1347 3539; x_wconf 83' lang='lat' dir='ltr'><strong>esse,</strong></span> 
     </span>
     <span class='ocr_line' id='line_1_37' title="bbox 191 3539 1394 3611; baseline 0.002 -21"><span class='ocrx_word' id='word_1_345' title='bbox 191 3539 341 3591; x_wconf 88' lang='lat' dir='ltr'><strong>Plinius</strong></span> <span class='ocrx_word' id='word_1_346' title='bbox 368 3551 480 3590; x_wconf 84' lang='lat' dir='ltr'><strong>testatur</strong></span> <span class='ocrx_word' id='word_1_347' title='bbox 510 3542 608 3610; x_wconf 77' lang='lat' dir='ltr'><strong>(epti,</strong></span> <span class='ocrx_word' id='word_1_348' title='bbox 627 3543 674 3608; x_wconf 83' lang='lat'><strong>6.).</strong></span> <span class='ocrx_word' id='word_1_349' title='bbox 751 3539 947 3608; x_wconf 86' lang='lat' dir='ltr'><strong>n)Vogelii</strong></span> <span class='ocrx_word' id='word_1_350' title='bbox 968 3551 1122 3608; x_wconf 82' lang='lat' dir='ltr'><strong>argumenta</strong></span> <span class='ocrx_word' id='word_1_351' title='bbox 1141 3542 1257 3591; x_wconf 82' lang='lat' dir='ltr'><strong>maxime</strong></span> <span class='ocrx_word' id='word_1_352' title='bbox 1276 3560 1346 3611; x_wconf 90' lang='lat' dir='ltr'><strong>pro·</strong></span> <span class='ocrx_word' id='word_1_353' title='bbox 1391 3550 1394 3555; x_wconf 88' lang='lat'>&#39;</span> 
     </span>
     <span class='ocr_line' id='line_1_38' title="bbox 191 3605 1347 3677; baseline 0.006 -21"><span class='ocrx_word' id='word_1_354' title='bbox 191 3606 294 3657; x_wconf 79' lang='lat' dir='ltr'><strong>bubilia</strong></span> <span class='ocrx_word' id='word_1_355' title='bbox 312 3605 445 3659; x_wconf 82' lang='lat' dir='ltr'><strong>habentur</strong></span> <span class='ocrx_word' id='word_1_356' title='bbox 461 3607 495 3658; x_wconf 83' lang='lat' dir='ltr'><strong>ab</strong></span> <span class='ocrx_word' id='word_1_357' title='bbox 513 3608 738 3661; x_wconf 81' lang='lat' dir='ltr'><strong>Heinricbsic</strong></span> <span class='ocrx_word' id='word_1_358' title='bbox 758 3606 839 3677; x_wconf 86' lang='lat' dir='ltr'><strong>(prol.</strong></span> <span class='ocrx_word' id='word_1_359' title='bbox 852 3607 887 3657; x_wconf 87' lang='lat' dir='ltr'><strong>ad</strong></span> <span class='ocrx_word' id='word_1_360' title='bbox 899 3607 977 3670; x_wconf 80' lang='lat' dir='ltr'><strong>Acta,</strong></span> <span class='ocrx_word' id='word_1_361' title='bbox 996 3627 1023 3672; x_wconf 90' lang='lat' dir='ltr'><strong>p.</strong></span> <span class='ocrx_word' id='word_1_362' title='bbox 1035 3609 1102 3671; x_wconf 72' lang='lat'><strong>53.)‚</strong></span> <span class='ocrx_word' id='word_1_363' title='bbox 1122 3626 1137 3658; x_wconf 84' lang='lat' dir='ltr'><strong>a</strong></span> <span class='ocrx_word' id='word_1_364' title='bbox 1155 3607 1347 3663; x_wconf 79' lang='lat' dir='ltr'><strong>Kuinoclio</strong></span> 
     </span>
     <span class='ocr_line' id='line_1_39' title="bbox 191 3674 1346 3745; baseline 0.003 -20"><span class='ocrx_word' id='word_1_365' title='bbox 191 3674 275 3745; x_wconf 85' lang='lat' dir='ltr'><strong>(prol.</strong></span> <span class='ocrx_word' id='word_1_366' title='bbox 289 3674 325 3724; x_wconf 88' lang='lat' dir='ltr'><strong>ad</strong></span> <span class='ocrx_word' id='word_1_367' title='bbox 337 3677 415 3739; x_wconf 78' lang='lat' dir='ltr'><strong>Acta,</strong></span> <span class='ocrx_word' id='word_1_368' title='bbox 454 3677 631 3743; x_wconf 77' lang='grc' dir='ltr'>.ΧΧ11111.),</span> <span class='ocrx_word' id='word_1_369' title='bbox 650 3675 888 3728; x_wconf 85' lang='lat' dir='ltr'><strong>Bartholdtio</strong></span> <span class='ocrx_word' id='word_1_370' title='bbox 906 3675 938 3743; x_wconf 90' lang='lat' dir='ltr'><strong>(l.</strong></span> <span class='ocrx_word' id='word_1_371' title='bbox 951 3693 975 3728; x_wconf 91' lang='lat' dir='ltr'><strong>c.</strong></span> <span class='ocrx_word' id='word_1_372' title='bbox 986 3677 1020 3737; x_wconf 77' lang='lat' dir='ltr'><strong>V,</strong></span> <span class='ocrx_word' id='word_1_373' title='bbox 1031 3694 1059 3745; x_wconf 90' lang='lat' dir='ltr'><strong>p.</strong></span> <span class='ocrx_word' id='word_1_374' title='bbox 1071 3677 1174 3742; x_wconf 71' lang='lat' dir='ltr'><strong>maa),</strong></span> <span class='ocrx_word' id='word_1_375' title='bbox 1194 3676 1346 3729; x_wconf 85' lang='lat' dir='ltr'><strong>Winero</strong></span> 
     </span>
     <span class='ocr_line' id='line_1_40' title="bbox 192 3695 1346 3813; baseline 0.003 -21"><span class='ocrx_word' id='word_1_376' title='bbox 192 3745 236 3810; x_wconf 87' lang='lat' dir='ltr'><strong>(iu</strong></span> <span class='ocrx_word' id='word_1_377' title='bbox 262 3760 320 3794; x_wconf 80' lang='lat' dir='ltr'><strong>exc.</strong></span> <span class='ocrx_word' id='word_1_378' title='bbox 343 3744 376 3794; x_wconf 91' lang='lat' dir='ltr'><strong>ll.</strong></span> <span class='ocrx_word' id='word_1_379' title='bbox 406 3695 451 3795; x_wconf 63' lang='lat' dir='ltr'><strong>ad³</strong></span> <span class='ocrx_word' id='word_1_380' title='bbox 462 3756 603 3796; x_wconf 81' lang='lat' dir='ltr'><strong>comment.</strong></span> <span class='ocrx_word' id='word_1_381' title='bbox 631 3746 660 3794; x_wconf 90' lang='lat' dir='ltr'><strong>in</strong></span> <span class='ocrx_word' id='word_1_382' title='bbox 685 3764 729 3813; x_wconf 84' lang='lat' dir='ltr'><strong>ep.</strong></span> <span class='ocrx_word' id='word_1_383' title='bbox 752 3743 788 3795; x_wconf 86' lang='lat' dir='ltr'><strong>ad</strong></span> <span class='ocrx_word' id='word_1_384' title='bbox 806 3743 876 3806; x_wconf 80' lang='lat' dir='ltr'><strong>Gal,</strong></span> <span class='ocrx_word' id='word_1_385' title='bbox 904 3763 932 3809; x_wconf 90' lang='lat' dir='ltr'><strong>p.</strong></span> <span class='ocrx_word' id='word_1_386' title='bbox 960 3748 1017 3795; x_wconf 82' lang='lat'><strong>155.</strong></span> <span class='ocrx_word' id='word_1_387' title='bbox 1044 3741 1086 3795; x_wconf 89' lang='lat' dir='ltr'><strong>ed.</strong></span> <span class='ocrx_word' id='word_1_388' title='bbox 1108 3746 1167 3806; x_wconf 78' lang='grc'>3.),</span> <span class='ocrx_word' id='word_1_389' title='bbox 1191 3741 1346 3795; x_wconf 83' lang='lat' dir='ltr'><strong>Schotto</strong></span> 
     </span>
     <span class='ocr_line' id='line_1_41' title="bbox 192 3808 1347 3880; baseline 0 -18"><span class='ocrx_word' id='word_1_390' title='bbox 192 3811 233 3876; x_wconf 89' lang='lat' dir='ltr'><strong>(in</strong></span> <span class='ocrx_word' id='word_1_391' title='bbox 250 3812 407 3880; x_wconf 75' lang='lat' dir='ltr'><strong>progr.„in</strong></span> <span class='ocrx_word' id='word_1_392' title='bbox 426 3830 478 3880; x_wconf 91' lang='lat' dir='ltr'><strong>quo</strong></span> <span class='ocrx_word' id='word_1_393' title='bbox 497 3814 567 3862; x_wconf 88' lang='lat' dir='ltr'><strong>inest</strong></span> <span class='ocrx_word' id='word_1_394' title='bbox 587 3815 650 3878; x_wconf 84' lang='lat' dir='ltr'><strong>isag.</strong></span> <span class='ocrx_word' id='word_1_395' title='bbox 673 3813 734 3873; x_wconf 77' lang='lat' dir='ltr'><strong>laist.</strong></span> <span class='ocrx_word' id='word_1_396' title='bbox 757 3813 816 3864; x_wconf 87' lang='lat' dir='ltr'><strong>crit.</strong></span> <span class='ocrx_word' id='word_1_397' title='bbox 843 3813 871 3860; x_wconf 88' lang='lat' dir='ltr'><strong>in</strong></span> <span class='ocrx_word' id='word_1_398' title='bbox 891 3828 932 3879; x_wconf 89' lang='lat' dir='ltr'><strong>cp.</strong></span> <span class='ocrx_word' id='word_1_399' title='bbox 949 3810 977 3863; x_wconf 86' lang='lat' dir='ltr'><strong>P.</strong></span> <span class='ocrx_word' id='word_1_400' title='bbox 996 3808 1031 3860; x_wconf 86' lang='lat' dir='ltr'><strong>ad</strong></span> <span class='ocrx_word' id='word_1_401' title='bbox 1058 3808 1116 3865; x_wconf 88' lang='lat' dir='ltr'><strong>Gal.</strong></span> <span class='ocrx_word' id='word_1_402' title='bbox 1136 3812 1191 3865; x_wconf 87' lang='lat' dir='ltr'><strong>len.</strong></span> <span class='ocrx_word' id='word_1_403' title='bbox 1211 3816 1292 3876; x_wconf 82' lang='lat'><strong>1829,</strong></span> <span class='ocrx_word' id='word_1_404' title='bbox 1312 3817 1347 3875; x_wconf 79' lang='lat'><strong>4,</strong></span> 
     </span>
     <span class='ocr_line' id='line_1_42' title="bbox 193 3876 1348 3949; baseline 0.001 -19"><span class='ocrx_word' id='word_1_405' title='bbox 193 3899 221 3949; x_wconf 88' lang='lat' dir='ltr'><strong>p.</strong></span> <span class='ocrx_word' id='word_1_406' title='bbox 234 3884 276 3931; x_wconf 87' lang='lat'><strong>22.</strong></span> <span class='ocrx_word' id='word_1_407' title='bbox 290 3891 346 3930; x_wconf 87' lang='lat' dir='ltr'><strong>not.</strong></span> <span class='ocrx_word' id='word_1_408' title='bbox 360 3885 395 3942; x_wconf 73' lang='grc'>7.,</span> <span class='ocrx_word' id='word_1_409' title='bbox 415 3880 443 3928; x_wconf 88' lang='lat' dir='ltr'><strong>in</strong></span> <span class='ocrx_word' id='word_1_410' title='bbox 460 3882 523 3945; x_wconf 83' lang='lat' dir='ltr'><strong>isag.</strong></span> <span class='ocrx_word' id='word_1_411' title='bbox 535 3881 564 3928; x_wconf 89' lang='lat' dir='ltr'><strong>in</strong></span> <span class='ocrx_word' id='word_1_412' title='bbox 581 3879 610 3930; x_wconf 92' lang='lat' dir='ltr'><strong>ll.</strong></span> <span class='ocrx_word' id='word_1_413' title='bbox 629 3881 661 3932; x_wconf 89' lang='lat' dir='ltr'><strong>N.</strong></span> <span class='ocrx_word' id='word_1_414' title='bbox 673 3880 701 3933; x_wconf 86' lang='lat' dir='ltr'><strong>F.</strong></span> <span class='ocrx_word' id='word_1_415' title='bbox 714 3900 741 3949; x_wconf 92' lang='lat' dir='ltr'><strong>p.</strong></span> <span class='ocrx_word' id='word_1_416' title='bbox 760 3885 829 3939; x_wconf 68' lang='lat'><strong>196,</strong></span> <span class='ocrx_word' id='word_1_417' title='bbox 846 3879 875 3928; x_wconf 86' lang='lat' dir='ltr'><strong>in</strong></span> <span class='ocrx_word' id='word_1_418' title='bbox 891 3895 990 3947; x_wconf 70' lang='lat' dir='ltr'><strong>progr„</strong></span> <span class='ocrx_word' id='word_1_419' title='bbox 1005 3879 1048 3928; x_wconf 91' lang='lat' dir='ltr'><strong>cui</strong></span> <span class='ocrx_word' id='word_1_420' title='bbox 1064 3877 1175 3933; x_wconf 82' lang='lat' dir='ltr'><strong>titulus:</strong></span> <span class='ocrx_word' id='word_1_421' title='bbox 1199 3876 1265 3946; x_wconf 81' lang='lat' dir='ltr'><strong>isag.</strong></span> <span class='ocrx_word' id='word_1_422' title='bbox 1287 3880 1348 3931; x_wconf 83' lang='lat' dir='ltr'><strong>hiat.</strong></span> 
     </span>
     <span class='ocr_line' id='line_1_43' title="bbox 192 3944 1346 4016; baseline 0 -18"><span class='ocrx_word' id='word_1_423' title='bbox 192 3951 250 3999; x_wconf 85' lang='lat' dir='ltr'><strong>crit.</strong></span> <span class='ocrx_word' id='word_1_424' title='bbox 268 3948 297 3996; x_wconf 88' lang='lat' dir='ltr'><strong>iu</strong></span> <span class='ocrx_word' id='word_1_425' title='bbox 321 3959 463 4015; x_wconf 78' lang='lat' dir='ltr'><strong>utramque</strong></span> <span class='ocrx_word' id='word_1_426' title='bbox 486 3947 515 3998; x_wconf 86' lang='lat' dir='ltr'><strong>P.</strong></span> <span class='ocrx_word' id='word_1_427' title='bbox 539 3944 574 3994; x_wconf 87' lang='lat' dir='ltr'><strong>ad</strong></span> <span class='ocrx_word' id='word_1_428' title='bbox 592 3946 685 3997; x_wconf 85' lang='lat' dir='ltr'><strong>Thess.</strong></span> <span class='ocrx_word' id='word_1_429' title='bbox 705 3967 757 4016; x_wconf 72' lang='lat' dir='ltr'><strong>ep,</strong></span> <span class='ocrx_word' id='word_1_430' title='bbox 775 3966 802 4015; x_wconf 93' lang='lat' dir='ltr'><strong>p.</strong></span> <span class='ocrx_word' id='word_1_431' title='bbox 816 3949 855 3997; x_wconf 88' lang='lat' dir='ltr'><strong>lo.</strong></span> <span class='ocrx_word' id='word_1_432' title='bbox 873 3956 930 3995; x_wconf 87' lang='lat' dir='ltr'><strong>not.</strong></span> <span class='ocrx_word' id='word_1_433' title='bbox 943 3949 968 3998; x_wconf 83' lang='lat'><strong>4.</strong></span> <span class='ocrx_word' id='word_1_434' title='bbox 981 3957 1007 3997; x_wconf 86' lang='lat' dir='ltr'><strong>et</strong></span> <span class='ocrx_word' id='word_1_435' title='bbox 1018 3947 1047 3995; x_wconf 86' lang='lat' dir='ltr'><strong>iu</strong></span> <span class='ocrx_word' id='word_1_436' title='bbox 1058 3944 1086 4000; x_wconf 85' lang='lat' dir='ltr'><strong>l.:</strong></span> <span class='ocrx_word' id='word_1_437' title='bbox 1098 3947 1283 4014; x_wconf 78' lang='lat' dir='ltr'><strong>Eroertsrung</strong></span> <span class='ocrx_word' id='word_1_438' title='bbox 1297 3959 1346 3999; x_wconf 82' lang='lat' dir='ltr'><strong>etc.</strong></span> 
     </span>
     <span class='ocr_line' id='line_1_44' title="bbox 191 4012 1347 4085; baseline -0.003 -17"><span class='ocrx_word' id='word_1_439' title='bbox 191 4019 313 4085; x_wconf 74' lang='lat' dir='ltr'><strong>p.13.)3</strong></span> <span class='ocrx_word' id='word_1_440' title='bbox 344 4012 438 4064; x_wconf 78' lang='lat' dir='ltr'><strong>eaden</strong></span> <span class='ocrx_word' id='word_1_441' title='bbox 473 4030 528 4063; x_wconf 87' lang='lat' dir='ltr'><strong>non</strong></span> <span class='ocrx_word' id='word_1_442' title='bbox 555 4012 700 4080; x_wconf 85' lang='lat' dir='ltr'><strong>displicent</strong></span> <span class='ocrx_word' id='word_1_443' title='bbox 730 4016 888 4081; x_wconf 80' lang='lat' dir='ltr'><strong>Borgero</strong></span> <span class='ocrx_word' id='word_1_444' title='bbox 911 4015 1037 4081; x_wconf 81' lang='lat' dir='ltr'><strong>(intptat.</strong></span> <span class='ocrx_word' id='word_1_445' title='bbox 1062 4032 1104 4084; x_wconf 87' lang='lat' dir='ltr'><strong>ep.</strong></span> <span class='ocrx_word' id='word_1_446' title='bbox 1129 4013 1164 4064; x_wconf 86' lang='lat' dir='ltr'><strong>ad</strong></span> <span class='ocrx_word' id='word_1_447' title='bbox 1187 4013 1246 4066; x_wconf 87' lang='lat' dir='ltr'><strong>Gal.</strong></span> <span class='ocrx_word' id='word_1_448' title='bbox 1274 4015 1347 4084; x_wconf 85' lang='lat' dir='ltr'><strong>prol.</strong></span> 
     </span>
     <span class='ocr_line' id='line_1_45' title="bbox 194 4079 1348 4154; baseline -0.001 -20"><span class='ocrx_word' id='word_1_449' title='bbox 194 4103 221 4154; x_wconf 91' lang='lat' dir='ltr'><strong>p.</strong></span> <span class='ocrx_word' id='word_1_450' title='bbox 239 4082 388 4148; x_wconf 73' lang='grc'>33-36.)</span> <span class='ocrx_word' id='word_1_451' title='bbox 474 4083 500 4146; x_wconf 89' lang='lat' dir='ltr'><strong>o)</strong></span> <span class='ocrx_word' id='word_1_452' title='bbox 519 4082 684 4135; x_wconf 68' lang='lat' dir='ltr'><strong>Uoconius</strong></span> <span class='ocrx_word' id='word_1_453' title='bbox 703 4084 778 4146; x_wconf 86' lang='lat' dir='ltr'><strong>(ann.</strong></span> <span class='ocrx_word' id='word_1_454' title='bbox 797 4079 891 4130; x_wconf 88' lang='lat' dir='ltr'><strong>mundi</strong></span> <span class='ocrx_word' id='word_1_455' title='bbox 909 4080 943 4131; x_wconf 88' lang='lat' dir='ltr'><strong>ad</strong></span> <span class='ocrx_word' id='word_1_456' title='bbox 961 4080 985 4132; x_wconf 91' lang='lat' dir='ltr'><strong>b.</strong></span> <span class='ocrx_word' id='word_1_457' title='bbox 1003 4081 1062 4146; x_wconf 71' lang='lat' dir='ltr'><strong>a),</strong></span> <span class='ocrx_word' id='word_1_458' title='bbox 1097 4081 1348 4133; x_wconf 87' lang='lat' dir='ltr'><strong>Hammondua</strong></span> 
     </span>
     <span class='ocr_line' id='line_1_46' title="bbox 192 4147 1349 4219; baseline -0.003 -17"><span class='ocrx_word' id='word_1_459' title='bbox 192 4154 235 4215; x_wconf 89' lang='lat' dir='ltr'><strong>(in</strong></span> <span class='ocrx_word' id='word_1_460' title='bbox 253 4149 376 4219; x_wconf 88' lang='lat' dir='ltr'><strong>parapbr.</strong></span> <span class='ocrx_word' id='word_1_461' title='bbox 393 4149 447 4201; x_wconf 90' lang='lat' dir='ltr'><strong>loci</strong></span> <span class='ocrx_word' id='word_1_462' title='bbox 465 4147 528 4203; x_wconf 78' lang='lat' dir='ltr'><strong>Act.</strong></span> <span class='ocrx_word' id='word_1_463' title='bbox 547 4153 589 4211; x_wconf 87' lang='grc'>18,</span> <span class='ocrx_word' id='word_1_464' title='bbox 608 4147 662 4215; x_wconf 81' lang='grc'>2.),</span> <span class='ocrx_word' id='word_1_465' title='bbox 686 4148 889 4201; x_wconf 65' lang='lat' dir='ltr'><strong>Michaelis</strong></span> <span class='ocrx_word' id='word_1_466' title='bbox 916 4148 1000 4216; x_wconf 89' lang='lat' dir='ltr'><strong>(Einl.</strong></span> <span class='ocrx_word' id='word_1_467' title='bbox 1018 4150 1051 4213; x_wconf 90' lang='grc'><strong>11,</strong></span> <span class='ocrx_word' id='word_1_468' title='bbox 1069 4170 1098 4219; x_wconf 91' lang='lat' dir='ltr'><strong>p.</strong></span> <span class='ocrx_word' id='word_1_469' title='bbox 1116 4149 1223 4215; x_wconf 70' lang='lat' dir='ltr'><strong>ileu),</strong></span> <span class='ocrx_word' id='word_1_470' title='bbox 1245 4168 1349 4216; x_wconf 80' lang='lat' dir='ltr'><strong>quam-</strong></span> 
     </span>
     <span class='ocr_line' id='line_1_47' title="bbox 192 4215 1349 4288; baseline -0.002 -20"><span class='ocrx_word' id='word_1_471' title='bbox 192 4237 273 4288; x_wconf 88' lang='lat' dir='ltr'><strong>quam</strong></span> <span class='ocrx_word' id='word_1_472' title='bbox 291 4219 313 4268; x_wconf 84' lang='lat' dir='ltr'><strong>ia</strong></span> <span class='ocrx_word' id='word_1_473' title='bbox 331 4217 441 4285; x_wconf 86' lang='lat' dir='ltr'><strong>quidem</strong></span> <span class='ocrx_word' id='word_1_474' title='bbox 459 4215 623 4281; x_wconf 76' lang='lat' dir='ltr'><strong>dubitanter,</strong></span> <span class='ocrx_word' id='word_1_475' title='bbox 642 4217 727 4269; x_wconf 85' lang='lat' dir='ltr'><strong>Eiclr</strong></span> <span class='ocrx_word' id='word_1_476' title='bbox 737 4217 754 4268; x_wconf 92' lang='lat' dir='ltr'><strong>h</strong></span> <span class='ocrx_word' id='word_1_477' title='bbox 764 4235 823 4268; x_wconf 86' lang='lat' dir='ltr'><strong>orn</strong></span> <span class='ocrx_word' id='word_1_478' title='bbox 832 4218 841 4266; x_wconf 89' lang='lat' dir='ltr'><strong>i</strong></span> <span class='ocrx_word' id='word_1_479' title='bbox 851 4235 889 4267; x_wconf 90' lang='lat' dir='ltr'><strong>us</strong></span> <span class='ocrx_word' id='word_1_480' title='bbox 907 4218 940 4283; x_wconf 88' lang='lat' dir='ltr'><strong>(l.</strong></span> <span class='ocrx_word' id='word_1_481' title='bbox 953 4216 972 4268; x_wconf 91' lang='lat' dir='ltr'><strong>l.</strong></span> <span class='ocrx_word' id='word_1_482' title='bbox 985 4217 1028 4283; x_wconf 92' lang='lat' dir='ltr'><strong>lll,</strong></span> <span class='ocrx_word' id='word_1_483' title='bbox 1046 4236 1074 4287; x_wconf 89' lang='lat' dir='ltr'><strong>p.</strong></span> <span class='ocrx_word' id='word_1_484' title='bbox 1089 4219 1154 4286; x_wconf 75' lang='grc'><strong>38),</strong></span> <span class='ocrx_word' id='word_1_485' title='bbox 1172 4216 1238 4267; x_wconf 79' lang='lat' dir='ltr'><strong>Sch</strong></span> <span class='ocrx_word' id='word_1_486' title='bbox 1249 4219 1292 4267; x_wconf 86' lang='lat' dir='ltr'><strong>mi</strong></span> <span class='ocrx_word' id='word_1_487' title='bbox 1305 4216 1349 4266; x_wconf 92' lang='lat' dir='ltr'><strong>d-</strong></span> 
     </span>
     <span class='ocr_line' id='line_1_48' title="bbox 190 4282 1350 4355; baseline 0.001 -20"><span class='ocrx_word' id='word_1_488' title='bbox 190 4287 262 4335; x_wconf 80' lang='lat' dir='ltr'><strong>tius</strong></span> <span class='ocrx_word' id='word_1_489' title='bbox 287 4282 399 4352; x_wconf 81' lang='lat' dir='ltr'><strong>(chron.</strong></span> <span class='ocrx_word' id='word_1_490' title='bbox 412 4285 439 4338; x_wconf 87' lang='lat' dir='ltr'><strong>d.</strong></span> <span class='ocrx_word' id='word_1_491' title='bbox 450 4290 504 4355; x_wconf 79' lang='lat' dir='ltr'><strong>Ap.</strong></span> <span class='ocrx_word' id='word_1_492' title='bbox 519 4285 613 4338; x_wconf 88' lang='lat' dir='ltr'><strong>Geacb.</strong></span> <span class='ocrx_word' id='word_1_493' title='bbox 630 4305 657 4352; x_wconf 88' lang='lat' dir='ltr'><strong>p.</strong></span> <span class='ocrx_word' id='word_1_494' title='bbox 670 4289 746 4351; x_wconf 78' lang='grc'>138.)</span> <span class='ocrx_word' id='word_1_495' title='bbox 817 4287 847 4353; x_wconf 79' lang='grc' dir='ltr'><strong>ρ)</strong></span> <span class='ocrx_word' id='word_1_496' title='bbox 868 4282 910 4339; x_wconf 77' lang='lat' dir='ltr'><strong>Cf.</strong></span> <span class='ocrx_word' id='word_1_497' title='bbox 926 4305 952 4355; x_wconf 88' lang='lat' dir='ltr'><strong>p.</strong></span> <span class='ocrx_word' id='word_1_498' title='bbox 967 4290 1023 4339; x_wconf 74' lang='lat'><strong>117.</strong></span> <span class='ocrx_word' id='word_1_499' title='bbox 1034 4294 1092 4336; x_wconf 82' lang='lat' dir='ltr'><strong>irct.</strong></span> <span class='ocrx_word' id='word_1_500' title='bbox 1104 4286 1124 4336; x_wconf 73' lang='lat'><strong>⁸.</strong></span> <span class='ocrx_word' id='word_1_501' title='bbox 1202 4285 1233 4352; x_wconf 82' lang='lat' dir='ltr'><strong>q)</strong></span> <span class='ocrx_word' id='word_1_502' title='bbox 1251 4284 1350 4352; x_wconf 84' lang='lat' dir='ltr'><strong>ltaque</strong></span> 
     </span>
     <span class='ocr_line' id='line_1_49' title="bbox 192 4350 1348 4471; baseline 0 -69"><span class='ocrx_word' id='word_1_503' title='bbox 192 4353 565 4471; x_wconf 46' lang='lat' dir='ltr'><strong>&#39;lblffijlmllgabssh&#39;beorulln</strong></span> <span class='ocrx_word' id='word_1_504' title='bbox 594 4353 873 4471; x_wconf 55' lang='lat' dir='ltr'><strong>rideturdpententtita,</strong></span> <span class='ocrx_word' id='word_1_505' title='bbox 907 4354 955 4470; x_wconf 71' lang='lat' dir='ltr'><strong>pul</strong></span> <span class='ocrx_word' id='word_1_506' title='bbox 970 4352 1092 4470; x_wconf 64' lang='lat' dir='ltr'><strong>hIudaotps</strong></span> <span class='ocrx_word' id='word_1_507' title='bbox 1114 4353 1207 4422; x_wconf 83' lang='lat' dir='ltr'><strong>primia</strong></span> <span class='ocrx_word' id='word_1_508' title='bbox 1236 4350 1348 4469; x_wconf 64' lang='lat' dir='ltr'><strong>dapium</strong></span> 
     </span>
     <span class='ocr_line' id='line_1_50' title="bbox 193 4438 1351 4559; baseline -0.001 -20"><span class='ocrx_word' id='word_1_509' title='bbox 193 4486 289 4551; x_wconf 66' lang='lat' dir='ltr'><strong>uua,</strong></span> <span class='ocrx_word' id='word_1_510' title='bbox 315 4439 649 4558; x_wconf 66' lang='lat' dir='ltr'><strong>q..l‚¹’⁰.{l.liu.‘&#39;.¹.¹.¹⁸b</strong></span> <span class='ocrx_word' id='word_1_511' title='bbox 670 4438 1209 4559; x_wconf 57' lang='grc' dir='ltr'>11121111...11111ζὲ13</span> <span class='ocrx_word' id='word_1_512' title='bbox 1233 4438 1351 4549; x_wconf 55' lang='grc' dir='ltr'>ἱέιέἶῖἶῗ</span> 
     </span>
     <span class='ocr_line' id='line_1_51' title="bbox 193 4507 1350 4628; baseline 0 -22"><span class='ocrx_word' id='word_1_513' title='bbox 193 4554 298 4606; x_wconf 86' lang='lat' dir='ltr'><strong>Iudaeis</strong></span> <span class='ocrx_word' id='word_1_514' title='bbox 327 4554 453 4611; x_wconf 75' lang='lat' dir='ltr'><strong>exulibus</strong></span> <span class='ocrx_word' id='word_1_515' title='bbox 482 4560 587 4608; x_wconf 88' lang='lat' dir='ltr'><strong>nemine</strong></span> <span class='ocrx_word' id='word_1_516' title='bbox 613 4556 779 4628; x_wconf 80' lang='lat' dir='ltr'><strong>impediente</strong></span> <span class='ocrx_word' id='word_1_517' title='bbox 815 4557 911 4608; x_wconf 84' lang='lat' dir='ltr'><strong>reverti</strong></span> <span class='ocrx_word' id='word_1_518' title='bbox 934 4507 1052 4608; x_wconf 81' lang='lat' dir='ltr'><strong>licuerit.</strong></span> <span class='ocrx_word' id='word_1_519' title='bbox 1098 4559 1137 4607; x_wconf 82' lang='lat' dir='ltr'><strong>lta</strong></span> <span class='ocrx_word' id='word_1_520' title='bbox 1163 4558 1350 4607; x_wconf 81' lang='lat' dir='ltr'><strong>Baroniua</strong></span> 
     </span>
    </p>
   </div>
   <div class='ocr_carea' id='block_1_7' title="bbox 194 4622 1352 4693">
    <p class='ocr_par' dir='ltr' id='par_1_7' title="bbox 194 4622 1352 4693">
     <span class='ocr_line' id='line_1_52' title="bbox 194 4622 1352 4693; baseline -0.001 -17"><span class='ocrx_word' id='word_1_521' title='bbox 194 4634 285 4676; x_wconf 84' lang='lat' dir='ltr'><strong>censet</strong></span> <span class='ocrx_word' id='word_1_522' title='bbox 309 4623 394 4689; x_wconf 85' lang='lat' dir='ltr'><strong>(ann.</strong></span> <span class='ocrx_word' id='word_1_523' title='bbox 416 4625 445 4673; x_wconf 87' lang='lat' dir='ltr'><strong>in</strong></span> <span class='ocrx_word' id='word_1_524' title='bbox 471 4642 493 4675; x_wconf 84' lang='lat' dir='ltr'><strong>a.</strong></span> <span class='ocrx_word' id='word_1_525' title='bbox 522 4622 629 4677; x_wconf 81' lang='lat' dir='ltr'><strong>Claudii</strong></span> <span class='ocrx_word' id='word_1_526' title='bbox 655 4622 986 4689; x_wconf 74' lang='lat' dir='ltr'><strong>13.‘§§.XL11.XL111.,</strong></span> <span class='ocrx_word' id='word_1_527' title='bbox 1013 4624 1041 4673; x_wconf 88' lang='lat' dir='ltr'><strong>iu</strong></span> <span class='ocrx_word' id='word_1_528' title='bbox 1067 4643 1090 4675; x_wconf 88' lang='lat' dir='ltr'><strong>a.</strong></span> <span class='ocrx_word' id='word_1_529' title='bbox 1117 4625 1178 4677; x_wconf 86' lang='lat' dir='ltr'><strong>Ner.</strong></span> <span class='ocrx_word' id='word_1_530' title='bbox 1205 4627 1231 4677; x_wconf 88' lang='lat'><strong>1.</strong></span> <span class='ocrx_word' id='word_1_531' title='bbox 1258 4625 1352 4693; x_wconf 81' lang='lat'><strong>§.1.),</strong></span> 
     </span>
    </p>
   </div>
   <div class='ocr_carea' id='block_1_8' title="bbox 0 0 1491 5168">
    <p class='ocr_par' dir='ltr' id='par_1_8' title="bbox 0 0 1491 5168">
     <span class='ocr_line' id='line_1_53' title="bbox 0 0 1491 5168; baseline 0 0"><span class='ocrx_word' id='word_1_532' title='bbox 0 0 1491 5168; x_wconf 95' lang='lat' dir='ltr'><strong> </strong></span> 
     </span>
    </p>
   </div>
  </div>
 </body>
</html>
