2956 5168
295 124 379 204 Quo
400 123 579 224 lESUSlN
602 120 774 184 COELUM
795 119 1090 184 assentiuntur.
1264 122 1307 184 27

84 300 287 379 spectaretur,
320 295 403 356 lesus
424 314 442 356 a
463 282 561 355 Mariti
580 292 704 373 ungitur
723 291 789 374 (12,
811 292 831 351 1
854 288 953 376 sqq.)',
986 292 1037 353 die
1058 292 1196 372 sequenti
1216 310 1308 354 ovans

84 381 294 460 Hierosolyma
314 383 405 442 intrat
426 379 483 463 (12
498 374 597 461 sqq.);
630 378 710 439 va'ria
731 385 763 438 et
783 377 851 452 hoc,
873 385 904 439 et
925 378 972 452 iis,
995 378 1045 457 qui
1066 379 1105 437 ad
1125 377 1238 458 pascha
1258 397 1309 438 us-

86 489 144 548 que
165 472 347 546 supersunt,
376 466 480 526 diebus
520 471 650 543 guntur,
685 457 889 545 (lt-bom
924 462 1008 523 lesus
1031 481 1154 523 coenam
1174 463 1309 522 ultimam

83 554 176 613 habet
198 548 265 633 (13,
289 550 421 619 1-lt‚
443 550 463 608 2
488 592 494 607 .
521 570 530 622 ;
560 548 682 691 caffiitur,
706 547 877 621 damnatur,
899 553 1023 608 necatur
1044 543 1086 628 (c.
1108 546 1159 607 18.
1182 566 1208 625 c.
1232 543 1308 626 lib),

84 643 116 697 ct
137 642 207 716 post
236 636 487 696 resurrectionem
518 635 581 693 inte
618 652 668 691 um
697 650 763 691 cum
793 631 947 710 discipulis
980 638 1172 692 conversatur
1194 627 1235 712 (c.
1257 631 1308 690 20.

86 717 195 804 [21.]).
216 753 260 764 -
301 719 334 779 ln
362 720 410 778 his
438 718 642 779 describendis
667 715 756 796 paulo
784 708 932 794 longioris
961 716 1084 791 fuimus,
1117 735 1174 795 quo
1206 722 1310 794 posset
1348 758 1352 768 ·
1446 769 1451 780 .

84 807 202 866 facilius
222 804 274 864 illa
294 803 411 863 loannis
434 802 617 863 consuetudo
638 801 786 880 perspici,
808 821 866 880 qua
889 802 982 861 maius
1007 801 1145 881 quodque
1166 801 1310 881 temporis

85 891 227 970 spatium,
258 909 296 949 ex
317 907 375 968 quo
395 887 475 947 nulla
495 886 564 946 lesu
585 887 664 946 dicta
693 883 741 945 rel
769 886 849 947 facta
875 887 1037 946 memoriae
1057 886 1172 965 prodit,
1193 887 1236 946 ita
1258 904 1312 946 ex-

85 976 164 1055 plet,
195 980 228 1034 ut
257 979 357 1048 certe,
394 973 465 1052 quid
496 971 611 1033 tamin
631 972 799 1030 universum
822 967 980 1044 Christus,
1005 971 1109 1045 etubi
1130 971 1234 1050 egerit,
1257 969 1311 1030 do·

87 1065 163 1134 caat,
185 1078 242 1118 nec
263 1059 321 1118 nisi
342 1065 425 1132 tum,
455 1056 545 1136 quum
565 1074 655 1136 parvo
677 1055 812 1134 singulae
832 1074 883 1121 res
905 1075 940 1115 se
961 1060 1143 1133 exceperant
1163 1060 1310 1134 tempore,

86 1145 158 1224 quid
178 1143 294 1204 interea
315 1142 426 1203 factum
447 1143 504 1216 sit,
527 1134 641 1221 addere
660 1141 784 1214 omittit,
813 1141 951 1219 quoniam
979 1159 1035 1219 per
1057 1158 1092 1198 se
1113 1143 1217 1219 patet,
1248 1146 1310 1199 non
1345 1148 1348 1153 '

86 1248 178 1309 posse
206 1229 245 1287 de
274 1229 375 1307 quovis
405 1227 455 1287 die
480 1224 672 1286 memorabile
704 1224 815 1304 aliquid
835 1224 955 1285 referri.
1019 1224 1098 1301 Quid
1120 1230 1220 1283 antem
1240 1229 1311 1302 post

87 1333 133 1386 ea,
155 1326 231 1392 qnae
253 1332 279 1371 c.
301 1310 331 1371 5.
353 1311 464 1372 tradita
485 1318 563 1386 sunt,
586 1309 719 1370 additum
741 1316 788 1369 est
810 1328 913 1370 eorum
933 1309 1108 1382 verborum,
1130 1308 1236 1387 quibus
1266 1307 1312 1367 uti

87 1397 165 1458 solet
185 1397 325 1471 loannes,
352 1396 404 1456 ubi
434 1397 513 1456 inter
538 1415 604 1455 rem
624 1399 772 1453 narratam
793 1401 824 1455 et
845 1393 1022 1455 narrandam
1043 1412 1204 1474 paucorum
1225 1411 1311 1452 men·
1367 1462 1369 1467 Ι
1466 1381 1471 1386 ’

87 1484 177 1556 sium,
199 1480 268 1561 quid
290 1482 369 1559 quod
390 1479 608 1539 hebdomadum
630 1480 758 1556 spatium
781 1484 829 1538 est
849 1478 1085 1557 interpositumi
1122 1478 1228 1539 Nonne
1249 1483 1312 1552 aut,

86 1568 114 1627 si
134 1569 297 1627 interesset
318 1566 400 1624 inter
420 1564 499 1624 festa
526 1583 552 1623 c.
574 1561 596 1622 5
617 1569 648 1622 ct
668 1563 700 1620 (i.
730 1569 958 1622 commemorata
978 1564 1047 1623 anni
1076 1563 1142 1622 fere
1170 1561 1322 1629 interval-'¹

86 1651 163 1724 lum,
193 1668 251 1728 quo
280 1648 353 1708 nihil
373 1649 484 1709 factum
507 1654 606 1722 esset,
646 1647 725 1724 quod
746 1647 884 1726 scriptori
910 1646 1031 1706 tradere
1058 1647 1213 1727 placeret,
1240 1646 1334 1709 talia

88 1754 158 1795 eum
178 1734 291 1795 addere
313 1735 504 1811 oportuisset,
527 1733 623 1836 qualia
645 1737 730 1791 sunt:
750 1726 836 1810 μετὰ
858 1729 963 1793 ταῦτα
985 1724 1105 1810 ἔμεινε,
1127 1732 1175 1792 vel
1193 1746 1311 1817 rcaptc-
1420 1810 1423 1815 .
1471 1805 1473 1807 ¹

86 1810 228 1882 πάτειὸ
255 1809 384 1900 Ἰησοῦς
409 1813 443 1880 ἐν
470 1816 513 1902 τῇ
543 1810 698 1901 lovdoipt,
727 1817 776 1876 vel
797 1811 832 1879 ἐν
852 1815 895 1899 τῇ
916 1812 1102 1903 Γαλιλαίᾳ,
1123 1815 1172 1875 rel
1193 1816 1311 1891 similia,

87 1910 148 1977 aut,
170 1903 307 1983 quoniam
328 1902 405 1962 baec
423 1921 481 1962 non
503 1902 624 1976 addidit,
646 1920 705 1960 nou
723 1907 823 1981 potest
839 1902 897 1960 nisi
911 1919 1090 1979 perparvum
1106 1902 1186 1960 inter
1200 1909 1311 1962 utram-

89 2007 147 2068 que
168 1987 374 2048 solennitatem
407 1988 535 2064 spatium
554 1985 784 2047 intercessisset
826 1986 933 2046 Annon
954 1986 1046 2063 igitur
1066 1985 1104 2044 ab
1126 1986 1206 2045 omni
1226 1985 1311 2045 loan-

88 2093 146 2133 nea
166 2072 304 2132 narrandi
326 2072 539 2131 cousuetudine
561 2091 663 2131 eornm
684 2070 781 2130 aliena
802 2071 1023 2145 estsententia,
1046 2070 1106 2151 qui,
1129 2089 1219 2149 quum
1237 2061 1311 2154 iop-

88 2153 150 2241 τὴν
170 2156 236 2219 τῶν
253 2148 424 2219 Ἰουδαίων
451 2157 490 2216 de
511 2157 623 2234 azymis
644 2154 826 2234 intelligant,
859 2155 1008 2228 diversum
1030 2174 1098 2216 esse
1119 2155 1179 2215 hoc
1198 2153 1310 2214 festum

90 2245 129 2305 ab
151 2261 188 2302 eo
209 2247 324 2321 putant,
346 2241 385 2300 de
406 2260 464 2319 quo
486 2259 512 2300 c.
533 2240 564 2298 6.
584 2239 677 2299 rerba
697 2238 777 2299 lacta
798 2238 895 2300 sunt‘i

174 2326 223 2387 Ex
249 2326 296 2386 iris
324 2345 394 2386 vero
417 2326 551 2384 omnibus
574 2325 772 2385 certissimum
805 2345 876 2386 esse
896 2324 1039 2398 arbitror,
1071 2323 1208 2384 loannem
1230 2343 1257 2382 c.
1278 2321 1309 2383 5.

90 2411 288 2489 ιΙίιιάἏῳιααι
308 2410 457 2490 paschatis
478 2409 610 2483 festum,
631 2404 839 2489 intimasse).
883 2409 1082 2479 Celebrantur
1112 2416 1211 2469 autem
1232 2409 1311 2489 inter

89 2495 337 2569 Marchesvanem
359 2501 391 2556 et
411 2494 553 2554 Nisanum
574 2490 647 2575 (quo
676 2495 788 2573 pascha
808 2488 939 2575 agitur),
961 2495 1040 2554 festa
1062 2494 1140 2566 duo,
1162 2495 1311 2554 encaenia
1403 2566 1411 2578 .

90 2580 215 2664 (Gislevi
237 2577 351 2662 die25)
370 2575 410 2658 b),
432 2584 464 2639 et
484 2577 550 2638 dies
565 2579 702 2659 phutaei
720 2577 826 2661 (Adari
848 2579 897 2639 die
904 2573 960 2658 14)
980 2575 1024 2661 c).
1045 2578 1208 2653 lamnam,
1231 2578 1311 2658 quod

91 2665 230 2725 encaenia
252 2666 366 2738 attinet,
389 2683 487 2742 neque
509 2663 652 2724 credibile
673 2670 728 2736 est,
750 2663 850 2723 bieme
868 2662 921 2746 (ea
941 2664 1020 2723 enim
1040 2665 1108 2722 anui
1130 2670 1312 2742 tempestate

90 2751 232 2810 encaenia
253 2744 393 2830 aguntur)
414 2748 550 2808 homiues
572 2754 709 2827 aegrotos
731 2747 837 2807 balneo
858 2768 929 2809 usos
951 2767 1020 2808 esse
1042 2745 1097 2830 (lo.
1114 2747 1144 2822 5,
1158 2748 1200 2807 22
1217 2743 1310 2827 squ),

89 2854 204 2913 neque,
230 2834 331 2898 lesum
355 2835 402 2892 vix
427 2833 530 2910 paucis
559 2832 663 2893 diebus
694 2852 712 2892 e
739 2832 848 2892 iudaea
875 2833 1018 2894 reducem
1039 2833 1145 2893 eodem
1166 2833 1225 2891 iam
1246 2840 1311 2893 tum

89 2920 218 2980 rediisse
235 2914 284 2999 d);
320 2918 425 2996 quibus
447 2917 582 2991 accedit,
615 2916 693 2997 quod
714 2923 874 2996 perspectu
895 2917 1021 2978 difficile
1044 2924 1100 2992 est,
1122 2937 1176 2977 cur
1196 2916 1234 2995 ab
1257 2936 1310 2977 en-

89 3004 260 3063 caeniorum
288 3003 406 3061 nomine
435 3001 560 3062 loannes
597 3002 657 3061 hoc
684 3000 750 3061 loco
784 3003 979 3077 abstinuerit,
1015 3003 1094 3082 quod
1119 3001 1207 3081 paulo
1240 3008 1310 3081 post
1426 3021 1431 3037 ¹

36 3097 41 3101 '
90 3087 156 3169 (lli,
177 3083 246 3169 22.)
268 3106 415 3166 usurpare
441 3096 501 3146 non
532 3086 683 3147 dubitavit.
728 3087 781 3146 Sin
795 3086 841 3146 -dc
862 3086 1000 3148 Estheris
1021 3088 1101 3147 festo
1124 3087 1309 3166 cogitaveris,

89 3192 188 3251 neque
209 3171 433 3233 difficultatibus
458 3172 517 3232 illis
544 3178 595 3232 tua
622 3171 777 3239 laborabit¹
797 3173 963 3248 sententia,
985 3177 1017 3233 et
1036 3172 1173 3231 idoneam
1193 3170 1309 3231 videbis

89 3277 224 3331 causam,
256 3277 309 3317 cur
338 3257 519 3337 evangelista
543 3257 665 3336 propria
690 3257 770 3316 hanc
801 3257 1009 3317 solennitatem
1030 3256 1229 3335 appellatione
1250 3274 1309 3316 non

88 3341 283 3422 insigniverit.
326 3341 403 3403 Nam
425 3361 514 3424 quum
534 3341 658 3423 reliqna,
680 3361 756 3422 quae
779 3342 1028 3416 commemoravit,
1049 3340 1129 3403 festa
1149 3341 1197 3402 vel
1212 3340 1309 3402 Grae·

156 3608 780 3680 tom.ll,p.6.siiskindiusl.l.1‚183.
848 3612 879 3679 α)
895 3610 1034 3679 Hugius
1052 3610 1263 3677 (Eini.11,230.)
1281 3620 1309 3662 et

157 3678 274 3728 Liicki
285 3695 320 3729 us
339 3678 450 3744 (comm.
461 3677 532 3728 adh.
543 3677 585 3744 l),
603 3681 649 3747 qui
664 3697 679 3728 a
696 3678 818 3749 partibus
836 3682 931 3731 nostris
949 3691 1029 3744 stant,
1044 3679 1110 3730 &deo
1128 3678 1162 3730 de
1180 3678 1309 3749 paschate

158 3747 275 3813 eogitari⁴
287 3763 365 3815 posse
382 3757 498 3813 negant,
525 3748 606 3815 quia,
624 3749 646 3797 si
663 3764 738 3798 secus
755 3758 934 3813 statueretur,
952 3749 1025 3798 lesus
1041 3765 1090 3818 per
1108 3765 1207 3798 annum
1225 3764 1309 3795 unum

158 3824 185 3864 et
202 3825 328 3864 semestre
346 3814 533 3882 Hierosolyma
551 3830 607 3863 non
624 3813 721 3865 adiisse
740 3815 932 3866 existimandus
950 3826 1028 3868 esset.
1064 3813 1143 3881 Quod
1162 3833 1245 3883 quum
1262 3815 1309 3863 rix

89 3923 98 3934 .
157 3880 287 3931 credibile
310 3882 359 3946 sit,
383 3900 479 3949 magna
521 3880 622 3932 refecto
644 3880 709 3933 inde
726 3885 873 3934 sententiae
891 3893 996 3934 nostrae
1015 3881 1210 3935 commendatio
1227 3899 1309 3932 acce-

157 3947 207 3998 dit.
243 3948 283 3998 At
299 3951 387 3999 minus
403 3961 476 4000 recte
493 3903 548 4014 alii,
568 3948 686 4000 eiusdem
704 3948 839 4002 statuendi
856 3952 966 4001 rationis
984 3950 1109 4014 fautores,
1127 3950 1234 4019 pascha,
1253 3967 1309 3999 nou

158 4015 250 4132 edgito
268 4016 331 4132 lehsti
348 4019 476 4098 nomiae,
489 4019 596 4068 nonnisi
618 4016 684 4084 τὴν
708 4015 805 4099 ἑορτὴν
827 4018 958 4100 appellari
981 4021 1224 4100 potuisse'putant,
1244 4018 1308 4084 quia

158 4084 578 4221 {bilbiliilidii&
595 4085 1182 4222 tittt.tff¹¹¹¹stt¹2tttttl’.iztilttt
1197 4095 1308 4219 lulli}

158 4215 231 4268 iestis
248 4218 395 4269 maioribus
412 4218 513 4270 honora
530 4218 653 4269 habiturn
671 4230 710 4270 est
731 4219 780 4288 (cf.
798 4219 906 4273 Philo
930 4220 965 4272 de
982 4219 1076 4272 mundi
1094 4219 1161 4290 opii.
1174 4238 1202 4289 p.
1212 4220 1255 4272 27.
1265 4217 1309 4271 ed.

158 4285 259 4365 Paris,
294 4285 328 4338 de
362 4283 491 4354 decalogo
525 4305 554 4358 p.
576 4287 637 4340 766.
672 4287 707 4338 de
736 4300 803 4356 sept.
834 4299 862 4340 et
892 4287 981 4351 festis,
1016 4306 1044 4357 p·
1069 4288 1160 4350 1194),
1196 4296 1224 4338 et
1257 4297 1307 4351 est,

159 4351 208 4401 ubr
242 4355 339 4422 paseha
372 4354 430 4405 sine
465 4355 577 4406 articulo
610 4352 687 4473 ἑοςτὴ
713 4355 881 4424 appellatur,
915 4356 991 4408 locus
1017 4354 1309 4476 “PndJfi’stghum

158 4420 641 4560 cessissittito,
658 4422 798 4561 ,tt-s.
819 4424 922 4542 tce.
942 4423 1057 4556 atta
1073 4423 1312 4554 estest

163 4558 191 4607 7.
208 4559 235 4636 8
254 4556 358 4612 docuit.
442 4560 470 4625 b)
489 4564 501 4610 1
521 4558 607 4610 Maec.
628 4557 656 4626 4,
674 4559 717 4611 59.
803 4560 830 4626 c)
847 4559 921 4614 Estb.
940 4560 966 4623 9,
984 4562 1029 4612 21.
1062 4558 1188 4613 Dies15.
1207 4558 1314 4608 nonnisi

163 4623 238 4676 Suus
256 4623 405 4679 celebratus
422 4644 480 4680 etse
496 4626 611 4680 ridetur.
680 4629 712 4697 d)
729 4625 773 4680 cf.
790 4627 1021 4687 stickindius
1037 4626 1089 4683 l.1.
1107 4629 1128 4694 Ι,
1146 4645 1175 4698 p.
1186 4623 1245 4678 184.
1255 4625 1314 4679 185.
