2956 5168
270 159 383 250 oona
400 167 492 234 scr.
514 166 623 232 carr.
645 127 895 231 xv-xxvnt
914 143 1213 232 commutans
1234 168 1286 287 ιι.1
1320 169 1378 231 111

164 362 233 415 uem
254 341 409 422 suscipere
428 358 487 401 non
507 339 637 414 liceret,
650 337 774 400 Paulum
795 358 854 400 uno
876 339 981 401 saltem
1003 341 1052 402 die
1072 338 1187 403 tardius
1209 347 1241 402 et
1262 344 1381 402 ameum

164 449 263 492 coram
276 427 416 508 praeside
430 445 542 500 orasse,
557 428 589 484 et
603 424 818 503 Hierosolyma
826 425 946 500 adiisse,
968 432 1000 485 et
1014 424 1192 486 Caesaream
1213 425 1379 505 reliquisse,

164 533 222 574 non
264 521 311 574 est
348 511 477 572 dubium.
548 509 609 569 lam
643 509 669 568 si
705 509 743 568 ad
775 509 853 581 diem
891 516 974 570 certe
999 509 1051 571 28.
1079 517 1148 589 post
1174 512 1232 571 iter
1261 510 1381 571 Troade

163 600 267 659 initum
295 595 463 657 Caesareae
492 595 603 669 haesit,
640 612 658 654 a
684 593 734 653 die
761 613 930 671 azymorum
958 595 1089 656 secundo
1118 596 1272 674 usquead
1299 596 1380 655 diem

164 702 244 757 eum,
264 687 334 741 ante
356 699 454 760 quem,
475 685 508 739 nt
528 678 664 751 vidimus,
685 682 874 758 pentecostes
896 680 1008 740 festum
1030 679 1170 740 collocari
1191 699 1250 740 non
1272 685 1381 760 potest,

163 766 228 827 dies
255 784 316 826 non
343 765 444 824 nunus
464 764 508 824 49
533 762 730 842 praeterlapsi
756 770 833 823 sunt.
883 763 980 838 Quum
1016 783 1086 825 vero
1121 771 1297 844 pentecoste
1331 764 1382 824 die

111 898 127 931 „
164 851 411 931 quinquagesimo
445 848 482 908 ab
524 849 582 908 isto
616 848 766 927 paschatis
795 847 845 908 die
872 851 921 928 agi
957 848 1088 909 soleret:
1133 849 1190 910 nisi
1230 856 1280 908 aut
1307 846 1381 908 illud

163 935 306 1015 temporis
346 933 490 1013 spatium,
528 933 606 1012 quod
642 931 712 992 inde
751 932 787 993 ab
824 934 932 994 itinere
959 932 1078 994 'Proade
1105 932 1185 994 facto
1217 953 1311 1012 usqne
1343 932 1381 993 ad

161 1019 247 1080 Pauli
268 1019 424 1080 adventurn
446 1019 476 1077 in
498 1019 602 1078 urbem
623 1017 743 1077 Hieros.
765 1017 896 1092 effluxit,
919 1037 978 1078 uno
1005 1019 1054 1078 die
1080 1018 1195 1098 longius
1223 1018 1319 1078 inisse
1339 1014 1381 1096 ἢ),

162 1111 213 1165 aut
240 1109 439 1185 pentecosten
462 1101 511 1163 die
533 1121 591 1162 uuo
612 1103 708 1163 serius
731 1102 910 1163 celebratam
933 1122 1001 1163 esse
1023 1103 1204 1166 credideris:
1233 1122 1292 1162 non
1313 1109 1381 1182 pot-

163 1190 241 1262 eris,
263 1189 333 1268 quin
354 1189 447 1262 bunc,
482 1188 533 1267 qui
554 1186 685 1265 reliquus
714 1193 776 1262 est,
804 1186 883 1248 diem
910 1189 989 1248 inter
1026 1207 1198 1267 azymorum
1230 1188 1321 1262 finem
1351 1193 1382 1248 ct
1432 1181 1437 1196 '

161 1271 245 1334 Pauli
272 1294 290 1334 e
315 1272 556 1353 Philippensibus
584 1272 749 1333 discessum
770 1273 958 1335 interiectum
979 1273 1074 1332 fnisse
1096 1291 1228 1333 censeas.
1277 1270 1381 1331 Rebus

161 1359 204 1420 its
225 1377 259 1418 se
271 1358 470 1432 habentibus,
492 1375 667 1436 azymorum
684 1357 808 1433 sertum
830 1357 882 1417 illo
903 1375 980 1417 anno
1001 1357 1051 1416 die
1072 1367 1122 1418 aut
1141 1357 1220 1418 XlV.
1235 1362 1286 1417 ant
1301 1355 1378 1416 Xlll.

163 1448 321 1522 autequam
343 1442 375 1501 P.
398 1441 517 1502 Troade
538 1440 652 1516 exiret,
680 1442 698 1500 i.
722 1461 747 1500 e.
771 1442 866 1501 lunae
892 1447 942 1501 aut
966 1439 1078 1502 Mortis
1100 1441 1147 1502 die
1167 1443 1286 1502 finitum
1308 1458 1378 1503 esse

162 1535 297 1607 apparet.
340 1524 423 1584 Nibil
444 1526 533 1606 igitur
555 1532 702 1605 superest,
724 1526 780 1586 nisi
800 1532 834 1585 nt
856 1526 1038 1605 indagemus,
1061 1546 1137 1588 anno
1157 1525 1220 1602 bi,
1248 1547 1286 1587 au
1307 1543 1380 1586 vero
1471 1550 1476 1558 ·

162 1629 191 1671 a.
214 1611 267 1672 58.
291 1609 442 1691 paschatis
463 1610 597 1671 solennia
625 1610 769 1672 alterutro
796 1612 902 1671 borum
930 1610 1045 1672 dierum
1072 1610 1109 1671 ad
1136 1613 1248 1673 exitum
1269 1611 1381 1673 fuerint

162 1694 324 1776 perducta3
344 1695 376 1756 id
398 1696 478 1775 quod
500 1714 536 1756 ex
557 1696 614 1755 bac
633 1695 816 1776 intelligetur
837 1696 937 1757 tabula
951 1695 985 1774 ἱ).

212 1962 307 2013 Annus
384 1925 560 2013 Novilunium
608 1961 746 2014 Kalendae
780 1963 945 2032 Azymorum
961 1964 1016 2015 ini·
1029 1962 1193 2032 Azyrnorum
1203 1961 1265 2032 linis
1306 2001 1322 2024 ω

173 2047 250 2082 aerae
269 2031 351 2083 Dion.
422 2031 523 2083 Nisani.
633 2031 735 2082 Nisani.
778 2032 845 2082 tium
867 2032 945 2098 (XV.
966 2032 1017 2082 Ni·
1047 2033 1138 2100 (XXl.
1151 2032 1243 2083 Nissui
1296 2027 1323 2080 ’Β

822 2099 969 2164 residias).
1106 2098 1185 2166 dies).
1296 2084 1321 2135 0

1330 1898 1358 2249 hebdomadis
1350 1878 1357 1891 -

370 2304 403 2353 aa
415 2298 466 2352 Μι.
485 2301 531 2351 1011
549 2291 576 2351 2¹
584 2301 806 2371 s5,ao,atnts'e,
818 2309 844 2367 s,
855 2310 887 2355 10
896 2305 949 2372 sp.
1030 2304 1237 2375 14,15,15a1›.
1270 2311 1296 2370 5,
1309 2306 1335 2372 6,
1352 2313 1379 2359 r.

232 2334 287 2388 Vul
308 2353 344 2387 ar.
448 2406 450 2409 Ι
502 2385 574 2438 ΜΡ·

160 2474 194 2524 ⁵⁷
233 2503 342 2556 nasot.
370 2491 479 2575 asgup.
501 2505 997 2576 1111‘24,a5,ao(?)s,9‚10(?)tttj.
1030 2510 1118 2572 ts,15,
1129 2504 1382 2578 intimaturus)

421 2604 424 2608 >
498 2589 573 2641 vesp.
721 2542 780 2700 Δμι

180 2710 1380 2732 Ἣ
1442 2726 1446 2731 ,

235 2940 343 2994 aanor.
367 2943 519 3028 ,tropen
537 2949 562 2996 1¹
588 2938 880 3019 13,14,'15Ap.at,ntt,
892 2949 986 3020 susp.
1026 2954 1051 3011 a,
1065 2952 1091 3016 ι,
1103 2955 1120 3002 5
1132 2951 1182 3017 ntj.
1244 2978 1250 2986 -
1270 2957 1298 3018 4,
1310 2958 1336 3017 5,
1354 2959 1379 3007 o.

145 2744 149 2753 '
236 2768 345 2841 vultu·
375 2742 465 2795 tants.
486 2731 1223 2816 5¹1111¹(14?)15,·1olae?)ns,30Mt.(3?)4,5Ap.
1270 2746 1380 2815 (2334

161 2910 196 2957 ss

196 2739 212 3136 ἓ
365 3037 371 3134 Ι
501 3029 584 3137 νειμ,

499 2828 577 2862 mans
723 2745 795 3137 5151(

229 3311 509 3368 demum'tredecimse
520 3316 646 3369 horarum
658 3317 745 3390 spatio
758 3324 793 3373 68
807 3316 964 3374 milliarium
982 3321 1033 3373 iter
1051 3321 1156 3372 emetiri
1168 3324 1318 3391 potuissent
1329 3325 1376 3393 (cf.

229 3377 299 3432 Cic.
318 3400 369 3451 pro
381 3384 456 3434 Rosc.
469 3384 530 3437 Am.
549 3403 573 3438 c.
585 3391 622 3449 i„
641 3387 688 3439 ubi
705 3388 815 3458 quidam
834 3389 926 3441 decem
944 3391 1017 3441 horis
1034 3391 1171 3440 nocturnis
1190 3408 1238 3442 sex
1256 3402 1283 3442 et
1295 3393 1377 3462 quin-

229 3451 357 3518 quaginta
373 3451 456 3502 millia
484 3468 609 3568 phassuum
630 3456 700 3506 cisiis
718 3457 871 3538 pervolasse
892 3456 1022 3525 dicitur),
1046 3459 1138 3527 itaque
1157 3459 1179 3508 si
1205 3458 1299 3511 eodem
1325 3459 1378 3527 die,

230 3533 283 3585 quo
306 3516 436 3568 iudicium
459 3518 492 3569 ba
512 3521 580 3570 itum
603 3534 660 3586 est,
689 3523 792 3579 Hieros.
815 3525 1002 3593 reliquissent,
1029 3525 1079 3576 sub
1111 3543 1248 3596 vesperem
1271 3526 1379 3580 demum

229 3580 407 3636 advenissent.
443 3587 497 3637 lam
534 3586 582 3638 uid
598 3587 707 3642 tandem
724 3593 807 3660 magis
826 3603 866 3644 est
883 3591 1057 3656 incredibile,
1082 3611 1161 3661 quam
1178 3593 1239 3647 illos
1257 3612 1292 3646 ex
1302 3607 1381 3649 tantu

227 3651 325 3702 itinere
351 3651 450 3725 fessos,
486 3605 560 3704 nullia
591 3674 666 3707 mora
692 3660 874 3729 interposita,
906 3659 1022 3711 Felicem
1052 3659 1165 3723 adiisse,
1200 3674 1282 3732 atque
1307 3664 1379 3718 bunc

226 3729 284 3770 tam
300 3717 406 3771 facilem
423 3718 518 3782 fuisse,
537 3733 567 3772 ut
584 3723 674 3775 statim
690 3725 823 3778 iudicium
839 3725 1009 3779 instrueret?
1088 3728 1119 3796 lt)
1137 3730 1245 3781 Etenim
1261 3732 1290 3781 in
1305 3734 1379 3783 omni
1426 3728 1434 3743 ”

138 3812 142 3820 =
226 3796 378 3857 temporum
389 3788 469 3840 buius
480 3789 584 3842 itineris
596 3798 797 3862 computatione
814 3813 845 3847 ea
856 3795 966 3863 singulis
977 3795 1056 3848 rebus
1075 3797 1263 3866 assignavimus
1282 3801 1378 3870 spatia,

227 3854 323 3936 quibus
341 3857 444 3908 minora
467 3861 595 3926 assignari
617 3878 673 3912 nou
694 3875 820 3933 possent,
852 3859 921 3914 illud
941 3868 1062 3931 canturi,
1082 3883 1132 3927 ne,
1156 3869 1301 3936 quoniam,
1324 3885 1379 3937 quo

225 3922 333 3990 longius
351 3925 404 3976 iter
429 3924 510 3978 fuisse
533 3927 667 3992 creditur,
700 3948 732 3983 eo
755 3930 859 3984 facilius
892 3933 1062 4002 comprobari
1087 3945 1191 4004 potest,
1227 3935 1379 4004 apostolum

175 4060 177 4064 Ι
227 3994 317 4070 statim
342 4004 405 4073 post
432 4010 588 4064 azymorum
613 3997 734 4051 solennia
756 3999 827 4052 Pbili
866 4002 889 4051 is
911 3999 1077 4065 discessisse,
1101 4013 1199 4053 temere
1221 4002 1283 4054 huic
1303 4002 1379 4054 illive

228 4073 268 4108 res
286 4058 410 4126 longius,
436 4079 519 4176 paam
537 4082 588 4132 par
609 4077 693 4131 esset,
729 4020 899 4120 intervallltm
922 4070 1047 4121 tribuisse
1075 4068 1234 4119 videremur.
1285 4070 1378 4138 ltaque

228 4125 374 4177 concedere
385 4145 435 4196 pro
448 4139 506 4179 ecto
517 4129 597 4193 licet,
612 4133 722 4182 Paulum
735 4134 778 4185 vel
788 4136 877 4184 Mileti
887 4173 896 4203 ‚
908 4134 952 4186 vel
965 4133 1110 4188 Caesareae
1127 4135 1227 4185 diutius
1239 4136 1376 4202 mansisse,

229 4188 273 4241 vel
289 4191 318 4240 in
341 4211 420 4244 cursu
440 4196 540 4246 Pataris
553 4198 658 4278 Tyrum
677 4198 749 4251 iacto
771 4200 834 4267 plus
852 4203 998 4270 temporis,
1044 4203 1111 4252 uam¹
1126 4219 1206 4270 supra
1229 4204 1377 4271 posuimus,

228 4262 410 4314 consumsisse.
477 4262 502 4330 ι)
520 4263 605 4315 Varia
622 4277 698 4330 sunt,
725 4285 804 4348 quae,
831 4280 861 4318 ut
886 4268 952 4320 baec
969 4221 1061 4321 tabslla
1078 4271 1175 4321 rectius
1200 4270 1377 4339 intelligatur,

227 4325 346 4376 notanda
362 4328 494 4382 videntur.
513 4329 555 4382 Ac
570 4333 683 4399 primum
700 4333 809 4404 quidem
826 4337 855 4387 in
872 4339 1073 4389 neomeniarum
1089 4338 1253 4407 temporibus
1277 4341 1328 4391 Vs
1361 4357 1377 4391 a

227 4391 296 4472 duce
314 4391 472 4449 deliniendis
487 4398 525 4451 ita
543 4402 766 4468 versationum,
799 4415 849 4469 ut,
876 4404 985 4474 quando
1002 4405 1066 4456 luna
1086 4407 1132 4456 sub
1150 4408 1291 4458 meridiano
1309 4359 1378 4456 Pli-

225 4459 342 4579 ffipensi
356 4462 460 4517 siluerit
475 4467 538 4532 (sub
557 4485 611 4538 quc
629 4469 799 4524 novilunium
814 4476 849 4527 44
865 4474 975 4524 minutis
992 4475 1084 4544 prius,
1115 4492 1195 4544 quam
1211 4475 1262 4527 sub
1279 4473 1375 4530 meriti.

247 4544 332 4609 Oaros.
350 4533 554 4603 committitur),
581 4536 799 4595 describeremus.
832 4541 953 4605 Deinde,
981 4540 1209 4612 quemadmodum
1222 4563 1251 4613 p.
1269 4547 1320 4605 ³7„
1336 4547 1376 4594 ite

225 4595 270 4649 bro
295 4616 403 4670 quoque
428 4618 473 4655 ecs
494 4606 631 4674 posuimus
660 4605 885 4673 menomenas,
914 4627 1028 4680 quorum
1051 4628 1162 4683 vespera
1188 4610 1244 4664 dies
1273 4609 1374 4664 ludaici
