2956 5168
181 172 404 262 ouranos.
428 176 539 242 oum.
563 174 809 243 uv-xxsn.
832 176 1134 266 murmuret.
1156 185 1192 247 Β,
1217 188 1300 252 ῃ,

72 354 141 434 qul,
167 357 328 432 autequam
351 351 386 412 P.
416 346 561 430 Philippis
586 350 736 426 solveret,
765 352 803 412 ab
829 350 926 412 altero
952 370 1125 434 azymorum
1150 356 1205 417 die
1224 354 1297 441 (bso

72 436 211 519 ipsotiie
233 435 438 517 adnumerato)
462 436 698 515 praeteriernut3
718 437 825 498 diebus
841 436 893 512 12,
917 439 968 516 spui
988 438 1106 514 abbino,
1131 440 1227 502 donee
1243 442 1295 525 sp.

72 522 193 583 Troade
214 523 320 596 abiret,
341 520 438 600 elapsi
459 528 545 600 sunt3
557 539 626 582 ⁴neo
647 522 836 601 paucioribus
857 521 910 598 21,
932 524 982 602 quai
1005 524 1042 584 ad
1062 525 1214 604 ultimum,
1236 541 1295 608 quo

71 608 239 670 Caesareae
267 615 345 683 erat,
374 608 454 667 diem
482 606 679 680 effluxerunt,
709 607 779 666 bino
808 607 912 682 biduo,
941 607 1021 687 qnod
1051 629 1098 690 ap.
1126 613 1159 671 in
1187 613 1295 676 itinera

61 693 221 756 summm
247 692 457 771 Hierosolyma
485 690 566 754 facto
587 692 767 764 consumsit,
789 699 821 751 et
836 694 950 773 primo,
973 712 1063 773 quem
1084 697 1164 757 inter
1184 697 1294 760 Hiero·
1341 688 1344 693 ¹
1397 738 1400 743 -

69 780 263 859 solymitsuos
292 779 412 858 exegit,
446 777 497 837 die
527 776 610 854 (aute
637 796 725 856 quem
754 776 931 856 pentecoste
960 796 1019 840 uon
1041 788 1089 842 eat
1108 781 1294 863 salebrats)·:

68 864 135 924 dies
154 864 288 926 invenies
311 882 372 922 uon
393 863 497 923 neusa
517 863 567 926 48.
621 863 662 922 nt
679 860 790 923 ,Paulus
811 862 933 935 diutins,
955 883 1042 942 qnam
1064 864 1106 924 ad
1123 865 1202 927 diem
1224 877 1294 949 post
1329 937 1332 943 ,

66 948 221 1016 'iboadem
248 948 381 1008 relietum
401 946 587 1008 ⁴vieesimum
615 949 774 1026 septimum
806 945 973 1008 Caesareae
1001 947 1124 1025 baasit3
1159 952 1192 1011 id
1205 954 1293 1032 ·qusd

66 1034 253 1096 intellectum
279 1034 318 1095 iri
345 1050 520 1112 speramus,
557 1033 608 1093 ubi
637 1033 677 1092 de
703 1032 888 1112 temporibus
923 1032 1034 1092 dietum
1061 1035 1155 1095 fuerit
1189 1056 1292 1100 aarum

31 1138 36 1147 ·
64 1130 179 1195 terum,
214 1136 287 1198 quas
311 1117 408 1178 Luras
443 1116 514 1178 inde
549 1118 587 1178 ab
617 1117 752 1186 adventu,
780 1117 907 1197 apostoli
940 1118 970 1181 ia
1006 1119 1110 1178 urbem
1146 1129 1289 1197 sanatam,

65 1220 164 1284 usque
193 1204 263 1263 dum
293 1222 412 1264 oausam
446 1221 547 1262 eoram
567 1202 673 1263 Helice
700 1208 816 1273 oraret,
853 1202 999 1262 aoeidisse
1019 1210 1128 1264 narrat.
1186 1205 1293 1269 lrstn

67 1290 162 1364 enim,
194 1288 315 1349 Paulum
338 1286 490 1370 postridie
515 1307 604 1366 qnam
632 1287 804 1353 advenisset
833 1287 872 1348 sd
898 1287 1037 1348 iacobum
1065 1308 1099 1349 se
1129 1291 1291 1353 contulisse

64 1373 149 1458 (Act.
171 1373 222 1448 21,
245 1369 330 1456 la),
365 1375 414 1434 die
443 1375 587 1452 sequenti
607 1373 701 1433 ritum
731 1371 879 1450 quendam
905 1391 1040 1443 ssorum,
1075 1372 1291 1437 observandum

63 1460 150 1524 illum
171 1458 291 1538 quidem
311 1451 367 1537 per'
388 1465 507 1537 septem
529 1455 593 1517 dies
607 1458 654 1536 e),
677 1456 777 1517 solere
797 1457 936 1536 coepisse
966 1456 1006 1534 (v.
1028 1458 1081 1517 26.
1104 1459 1188 1539 21,),
1231 1481 1291 1541 qno

64 1544 182 1604 dierum
209 1558 334 1605 numero
362 1541 400 1602 ad
426 1543 519 1603 finem
547 1547 689 1622 vergente
718 1541 871 1621 apostolus
900 1542 931 1602 in
956 1542 1069 1622 templo
1091 1545 1132 1604 sit
1153 1563 1288 1625 eompre-

64 1627 178 1690 bensua
200 1625 242 1710 (v.
264 1624 434 1705 21-36.);
461 1627 513 1687 die
531 1627 672 1706 prosimu
693 1627 724 1686 lu
745 1626 890 1705 synedrio
911 1627 976 1690 eius
999 1645 1127 1702 oausam,
1149 1629 1205 1690 sed
1224 1631 1290 1697 iru-

64 1718 138 1787 stra,
161 1719 264 1774 aetam
278 1731 349 1774 esse
371 1709 499 1794 (2236
513 1709 728 1791 -ss,1o.)‚
762 1711 819 1773 die·
840 1712 979 1772 insemsto
1005 1711 1130 1780 ludaeos
1163 1716 1289 1793 amplius

65 1798 260 1878 qnadraginta
280 1800 312 1858 in
334 1816 409 1858 eum·
424 1798 598 1858 coniurasse
621 1793 885 1876 (23,12-15.),
907 1796 962 1857 sed
984 1796 1103 1875 Lysiam
1125 1799 1288 1874 tribunum,

58 1883 181 1944 insidiis
202 1882 346 1962 coguitis,
369 1900 438 1944 euru
459 1901 586 1962 vespera
607 1883 668 1942 diei
690 1881 824 1942 eiusdem
848 1901 866 1940 a
886 1882 1028 1942 militibus
1051 1880 1228 1944 Caesaream
1247 1885 1289 1946 ad

62 1966 197 2029 Felicem
216 1968 388 2047 praesidem
419 1966 527 2027 deduci
555 1967 681 2027 iussisse
702 1965 770 2047 (23,
793 1963 965 2047 16-24.),
987 1984 1073 2045 quiam
1096 1969 1216 2046 qnidam
1238 1989 1287 2029 ar-
1395 1982 1404 1997 ¹·

61 2053 132 2113 bem
161 2052 195 2112 P.
219 2052 369 2132 postridie
395 2052 550 2113 intraverit
578 2049 617 2132 (v.
639 2052 681 2112 32
703 2049 762 2131 sq.)
779 2049 830 2134 d);
875 2052 982 2130 quinto
1012 2057 1111 2111 antem
1141 2053 1191 2114 die
1220 2060 1289 2132 pust

62 2137 206 2198 Ananiam
227 2143 310 2216 pont.
325 2155 405 2197 max.
420 2156 488 2196 aum
509 2136 574 2198 aliis
597 2137 704 2197 eodem
724 2137 852 2210 venime,
874 2143 906 2197 et
926 2136 1067 2197 iudicium
1090 2137 1128 2196 de
1150 2139 1286 2218 apostolo

59 2222 197 2284 nantum
218 2238 288 2282 esse
309 2219 377 2304 (24,
399 2221 558 2300 1-28.);
587 2223 620 2281 in
642 2239 701 2301 qao
721 2222 789 2296 ille,
812 2240 900 2301 quum
923 2240 1042 2282 eausam
1064 2241 1147 2281 suam
1168 2224 1287 2297 dixerit,

60 2307 142 2368 inter
163 2307 220 2368 alia
241 2307 531 2381 oommemoraverit,
558 2325 620 2366 uon
642 2307 775 2388 surplius
796 2306 837 2367 12
859 2305 923 2365 dies
948 2308 1181 2387 praeterlapsos
1208 2328 1286 2382 esse,

60 2409 101 2452 ex
115 2411 174 2472 quo
188 2392 395 2471 Hierosolyma
416 2391 453 2452 ad
467 2391 564 2452 Deum
579 2392 759 2453 adorandum
781 2392 950 2471 migraverit
965 2388 1118 2475 (2411).
1141 2394 1241 2472 Atque
1253 2392 1286 2453 bi

16 2505 37 2539 ·.
62 2477 183 2556 quidem
204 2477 270 2538 dies
292 2477 440 2558 quomodo
461 2476 520 2540 siut
542 2477 741 2559 computandi,
756 2477 895 2558 quoniam
916 2495 952 2538 ea
966 2477 1005 2538 de
1019 2496 1054 2538 re
1068 2494 1127 2538 non
1149 2480 1286 2541 convenit

64 2671 267 2683 n-—na——u-

52 2764 56 2770 ⁴
127 2787 195 2852 dies,
213 2799 245 2838 ut
260 2787 336 2840 facili
352 2789 479 2857 negotio,
497 2799 640 2906 eutepuam
658 2786 728 2838 illud
745 2799 880 2858 ageretur,
895 2787 1091 2858 Hierosolymis
1104 2807 1166 2853 >esse
1183 2804 1280 2860 posset.

127 2856 184 2907 Iam
201 2874 264 2909 sero
282 2859 341 2926 quis
359 2855 468 2908 taudem
487 2855 560 2907 aredi
582 2858 642 2921 erit,
660 2855 783 2923 eundem,
803 2859 849 2926 qui
862 2855 999 2927 Ephesum
1016 2875 1070 2907 nou
1088 2857 1200 2923 adierat,
1220 2863 1294 2929 quiav
1343 2894 1346 2903 ι

127 2921 279 2988 ἔσπευδεν,
304 2926 328 2976 εἰ
345 2921 465 2977 δυνατὸν
481 2912 516 2988 ἦν
534 2922 622 2990 αὐτῷ,
647 2922 697 2989 τὴν
713 2920 820 2995 ἡμέραν
835 2924 881 2990 τῆς
897 2928 1081 2988 πεντηκοστῆς
1097 2927 1229 2994 γενέσθαι
1247 2929 1284 2985 εἰς

39 3002 44 3011 “
123 2987 260 3060 ‘Ispooo'in
283 3010 316 3053 u,
339 2990 484 3045 Caesareae
514 2992 552 3042 ita
579 3002 731 3043 onustatum
758 3010 830 3056 esse,
856 3005 885 3042 ut
907 2994 1008 3044 interea
1034 2991 1162 3062 tera'poris
1183 2994 1282 3047 festum

124 3011 391 3142 pnrasterlasseretur?
485 3063 511 3129 c)
529 3060 598 3111 Nam
635 3080 699 3110 uum
716 3061 811 3127 Lucas,
823 3072 970 3130 postquam
989 3078 1010 3112 o.
1028 3065 1072 3124 21,
1090 3079 1115 3114 a.
1131 3067 1175 3113 26.
1195 3061 1282 3117 dixit:

126 3129 270 3212 pyssotpic
287 3123 367 3208 siprjss
391 3130 428 3212 sic
453 3125 482 3180 se*
509 3127 586 3198 ἱερὸν
603 3129 632 3196 (o
651 3130 720 3193 Π.),
746 3128 921 3210 ,διαγγέλλων
938 3128 987 3207 ιὴιν
1011 3125 1183 3212 ἐκπλήρωσιν
1211 3134 1282 3182 τῶν

124 3213 372 3333 ἕζῖἕωξμέἓὲ,
394 3210 607 3329 sititis,
630 3196 1077 3333 loii'eitimiissiii„“iuriis
1092 3197 1208 3327 itit?
1233 3199 1282 3317 ii

86 3359 90 3366 ·
124 3330 174 3388 soit
190 3330 236 3400 ἡμ.
254 3333 303 3383 τοῦ
320 3327 382 3400 ἅγν.
399 3343 550 3397 vocaverat,
569 3333 630 3383 luce
648 3332 744 3384 clarius
765 3343 813 3384 est.
847 3334 940 3400 ltaque
956 3333 1044 3381 miuus
1066 3342 1137 3382 recte
1155 3332 1180 3380 T
1190 3283 1278 3384 1116-

124 3400 278 3450 montius
297 3399 387 3466 (urim.
410 3402 430 3463 1,
447 3407 474 3464 2,
519 3400 687 3465 sauma.)
710 3411 737 3450 et
762 3417 828 3469 quos
847 3399 893 3450 ille
912 3398 991 3466 (ibid.
1015 3419 1043 3468 p.
1062 3401 1132 3462 841.)
1150 3398 1279 3464 laudavit,
1317 3422 1320 3426 ’

125 3464 397 3531 Chrysostomus
416 3421 521 3534 (10661.
538 3467 567 3516 iu
580 3467 648 3518 Aeta
667 3468 772 3531 4650.)
790 3478 817 3518 et
833 3465 921 3518 Beda
937 3468 979 3534 (in
997 3465 1058 3518 Act.
1069 3484 1091 3519 e.
1101 3466 1159 3534 21.)
1176 3479 1279 3531 septem,
1298 3493 1300 3497 ·

123 3535 170 3604 qui
186 3533 265 3582 Pauli
283 3537 420 3584 moenium
453 3536 552 3585 roxime
569 3537 650 3584 secuti
669 3537 732 3598 sint,
751 3535 806 3584 dies
824 3533 1013 3601 intelligendos
1031 3552 1086 3585 esse
1105 3533 1279 3590 arbitrentur.

123 3601 243 3670 d)Aota
260 3600 371 3652 Paulum
399 3602 446 3654 das
464 3603 511 3667 τῆς
527 3600 624 3662 νυκτὸς
641 3601 859 3673 Antipatridem‚
877 3600 976 3653 deiude
993 3599 1149 3654 Caesaream
1167 3602 1278 3656 ductum

121 3688 179 3722 esse
196 3680 307 3721 narrant
321 3671 379 3737 (23,
398 3671 543 3735 31-33.).
579 3669 633 3720 Sed
651 3673 716 3740 quia
731 3669 896 3740 Antipatris,
913 3680 945 3719 ut
962 3688 997 3721 ex
1013 3671 1153 3722 itinerario
1170 3672 1282 3732 Hieros„

123 3738 314 3806 cognoscimus,
332 3737 448 3790 aemili
465 3739 541 3789 Rom.
558 3738 661 3807 (geogr.
680 3737 737 3789 iere
758 3739 789 3806 8)
806 3737 999 3807 Hierosolymis
1017 3736 1143 3803 distabat,
1168 3738 1277 3790 Kuirr-

122 3807 237 3858 uelius
261 3804 310 3873 (ad
327 3805 389 3860 Aut.
407 3811 451 3872 23,
469 3805 527 3869 31.)
556 3818 583 3857 et
605 3806 766 3875 Meyerus
788 3805 821 3873 (l.
838 3823 861 3859 o.
878 3824 907 3888 p.
926 3809 997 3866 tsi.)
1019 3807 1120 3858 Lucam
1144 3825 1200 3859 uon
1225 3807 1276 3860 hoo

120 3873 242 3926 indicare
259 3885 363 3942 puteat,
381 3890 436 3923 uuo
453 3885 536 3934 noete,
554 3873 602 3925 sed
613 3886 722 3942 tempore
739 3885 864 3925 nocturno
875 3886 928 3925 ster
938 3873 1087 3956 perfectum
1098 3886 1164 3927 esse
1182 3877 1277 3944 ltaque
1300 3883 1303 3893 '

121 3954 201 3994 noete
218 3943 305 4011 prima
322 3941 420 3994 milites
437 3942 623 3994 Emmsuutem
638 3941 762 4025 (2211111.
771 3943 848 3996 Rom.
864 3942 897 3993 ab
915 3943 1108 4013 Hierosolymis
1130 3943 1274 4008 dissitam),

122 4008 207 4061 altera
229 4009 426 4061 demembrati
448 4009 562 4063 atridem
583 4012 686 4063 semeae
705 4012 865 4063 eouiioiuut.
915 4011 953 4062 At
978 4023 1167 4081 praeterquam
1209 4010 1272 4075 uod,

121 4075 173 4126 uisi
188 4077 271 4130 verba
287 4089 415 4146 torquere
428 4029 509 4142 iiber,
528 4096 582 4129 nou
599 4096 740 4146 possumus
757 4080 809 4128 ulsi
827 4078 861 4129 de
878 4097 931 4128 uua
950 4091 1026 4130 noete
1044 4081 1170 4144 cogitare,
1188 4029 1273 4128 ducas

120 4141 222 4195 diserte
238 4144 336 4196 auilites
353 4143 501 4215 pedestres,
521 4146 568 4212 qui
579 4142 692 4194 Paulum
703 4144 905 4214 Antipatridem
920 4162 1004 4212 usque
1023 4145 1142 4194 uomitati
1160 4142 1273 4208 tuerint,

119 4210 152 4284 τῇ
170 4209 318 4281 ἐπαύριον,
345 4214 363 4265 i.
381 4229 404 4262 e.
422 4211 552 4280 postridie
579 4229 660 4282 quam
676 4210 790 4281 proiecti
810 4224 912 4276 esseut,
932 4228 1049 4262 reversos
1068 4227 1124 4260 esse
1141 4223 1273 4263 memorat

121 4279 177 4346 (23,
195 4281 266 4346 32.).·
294 4278 353 4354 Qua
372 4278 406 4331 de
424 4296 500 4330 causa
518 4281 555 4330 sio
592 4281 661 4329 otius
679 4278 849 4330 statuendum
868 4289 914 4342 est,
931 4279 1029 4330 milites
1046 4276 1273 4348 festinamtussos

119 4347 173 4399 iter
195 4365 245 4417 per
269 4359 355 4400 totam
379 4359 485 4398 noctem
502 4347 541 4397 ita
577 4348 673 4412 eeisse,
700 4358 744 4407 ut,
772 4346 967 4416 Hierosolymis
996 4346 1061 4396 hora
1087 4348 1174 4398 noetis
1192 4349 1272 4400 tertie

120 4415 204 4481 (inter
221 4432 319 4467 uenam
336 4428 364 4468 et
381 4415 514 4467 decimam
532 4434 566 4467 ex
582 4425 671 4466 nostra
688 4413 861 4485 computandi
879 4414 996 4479 ratione)
1016 4413 1115 4466 reliotia
1140 4414 1190 4483 (ef.
1208 4410 1285 4467 Act!

118 4487 161 4548 23,
171 4484 228 4550 23.)
267 4493 308 4533 ost
323 4483 403 4535 buras
420 4482 476 4536 fere
487 4484 539 4535 XII
549 4481 749 4552 Antipatrideau
764 4484 936 4554 pervenirent
947 4498 954 4547 3
965 4480 1045 4533 'uude
1063 4500 1145 4552 quum
1161 4488 1195 4535 26
1204 4481 1271 4534 mill.

117 4551 195 4605 Rom.
225 4502 304 4618 (fera
331 4552 431 4604 emili.
459 4551 573 4620 geogr.)
619 4548 777 4603 Caesaream
801 4566 885 4623 usqua
912 4562 1101 4621 superessent,
1134 4567 1185 4602 use
1213 4548 1266 4605 uisi

118 4620 223 4691 equites
239 4617 357 4672 Paulum
367 4621 568 4684 comitarentur,
581 4619 652 4672 bauo
662 4617 756 4674 urbem
767 4618 848 4672 fusile
859 4617 954 4672 eodem
966 4617 1011 4671 die
1022 4619 1127 4689 assequi
1137 4627 1270 4688 poteraut.
