2956 5168
164 179 172 205 ι
214 158 348 243 euna
368 138 459 223 scr.
475 115 592 224 ¹cnut
614 157 859 226 xv-rnnvnr.
882 144 1181 229 commuue.
1206 166 1240 229 a.
1305 170 1351 232 oo
1430 249 1438 263 ,

128 332 241 395 festum
262 336 325 407 est,
344 331 400 394 bus
421 331 594 408 sententias,
617 332 685 410 qnia
706 338 738 395 et
756 331 843 414 ipsae
868 353 937 395 cum
950 332 1032 396 Luca
1059 342 1192 416 pugnant
1219 343 1251 400 et
1277 358 1347 403 cum
1424 402 1426 406 ,

128 417 264 497 Iosepho,
283 423 334 478 ant
355 418 446 479 meris
466 417 521 478 niti
542 418 732 490 coniecturis,
754 425 805 479 aut
826 420 1007 499 argumentis
1027 423 1154 482 maxime
1174 419 1347 506 inmmisz).

213 501 317 562 Rebus
339 502 384 561 sio
405 521 440 563 se
460 502 653 573 habentibus,
674 507 767 577 recte,
789 503 902 583 opinor,
923 506 955 564 in
976 523 1012 565 eo
1032 511 1215 586 perstamus,
1237 509 1347 571 11th-

128 587 218 649 licem
234 587 324 668 prius
344 605 426 646 enno
446 584 498 646 bb.
519 594 697 647 reuocatum
717 607 784 647 ease
805 607 962 668 negemus.
1323 639 1326 645 .

212 669 267 739 De,
280 672 411 732 teratino
432 676 531 732 autem
552 673 580 742 si
599 672 768 750 quaeritur,
790 692 849 752 quo
864 667 1082 755 praeterlapsae
1097 674 1189 736 Felie
1211 676 1351 739 Iudaeae

128 775 191 818 non
212 757 343 837 amplius
359 756 535 837 praefuisse
550 755 714 836 putandus
735 758 792 830 sit,
814 757 873 819 hoc
899 760 1025 837 primum
1047 761 1185 840 omnium,
1207 768 1241 824 ut
1261 763 1347 823 multi

128 843 187 903 iam
208 847 394 916 monuerunt,
415 841 614 902 certissimum
636 847 693 916 est,
715 861 782 902 eum
803 842 890 903 ultre
910 855 1026 904 canum
1046 844 1098 904 62.
1121 846 1266 906 collocari
1284 866 1347 908 nou

124 945 233 1008 posse,
263 925 341 1005 quod
364 944 400 987 eo
420 932 558 1006 tempore
579 925 691 1001 Pallas,
720 945 825 1005 quem,
853 946 941 1006 quum
963 927 1016 988 ilie
1038 948 1055 989 c
1076 931 1228 1008 provincis
1248 931 1346 993 disce-

129 1010 225 1084 deret,
247 1011 346 1071 adhuc
367 1012 397 1070 in
418 1012 492 1070 vivis
513 1011 609 1072 fuisse
628 1011 718 1072 modo
740 1011 905 1087 didicimus,
927 1013 1006 1073 diem
1027 1012 1102 1073 obiit
1124 1013 1345 1098 supremuma).

214 1094 276 1156 Sed
304 1097 460 1175 quominus
487 1096 546 1156 lroc
573 1096 639 1174 ipso
664 1115 741 1158 anno
776 1115 876 1157 curam
907 1117 1007 1157 rerum
1041 1098 1224 1163 ludaicarnm
1252 1100 1348 1163 Felici

130 1180 275 1242 ademtam
299 1200 367 1243 esse
387 1181 574 1254 arbitremur,
595 1181 684 1241 variis
705 1181 898 1261 prohibemur
919 1182 1091 1242 rationibus.
1135 1182 1235 1263 Atque
1255 1190 1288 1244 ut
1308 1186 1347 1247 ab

129 1269 304 1346 argumento
331 1267 480 1327 ordiemur
506 1285 543 1326 ex
570 1266 654 1326 Actis
682 1266 756 1344 ipsis
784 1267 896 1345 petitor
926 1265 1024 1326 Lucas
1046 1266 1211 1347 apostolum
1233 1267 1347 1330 Romae
1438 1312 1441 1317 «

129 1346 204 1432 (quo
225 1351 360 1430 proximo
393 1357 462 1430 post
482 1349 592 1410 Felicia
621 1350 784 1410 discessum
812 1369 884 1410 vere
918 1349 1091 1434 advenerat)
1113 1371 1169 1432 per
1196 1353 1347 1415 biennium

128 1434 284 1514 integrum
297 1435 460 1508 mansisse,
481 1439 513 1494 et
527 1435 592 1493 sine
605 1433 665 1512 ullo
686 1435 898 1513 impedimento
921 1434 1083 1495 doctrinam
1104 1437 1263 1498 salutarem
1285 1437 1347 1499 dis-

108 1521 293 1581 seminasse
314 1515 465 1602 narratb).
508 1517 570 1579 lam
590 1536 662 1581 vero
684 1537 759 1588 anno
782 1538 807 1578 a.
830 1519 867 1578 D.
887 1518 939 1578 64.
962 1526 1031 1598 post
1053 1521 1347 1584 dirum-illud-urbis

128 1603 314 1678 incendium,
336 1603 415 1682 quod
436 1622 463 1663 s.
485 1603 514 1663 d.
535 1599 613 1677 xiv.
636 1602 701 1663 Kal.
724 1602 854 1664 Sextiles
875 1603 991 1664 initium
1013 1597 1184 1687 ceperatc),
1213 1612 1279 1667 orta
1299 1611 1348 1668 est

130 1688 315 1751 atrocissima
329 1687 564 1766 Christianorum
586 1684 758 1771 vexatiod),
779 1689 810 1748 in
832 1708 889 1767 qua
910 1688 968 1747 nisi
990 1689 1079 1766 periit
1100 1689 1259 1766 apostolus,
1282 1692 1348 1751 sine

130 1773 211 1849 omui
231 1778 330 1834 tamen
352 1772 535 1834 dubitatione
557 1772 585 1832 ei
606 1790 665 1832 non
686 1772 811 1851 amplius
837 1767 922 1852 pand
944 1765 1056 1856 πάσης
1076 1769 1269 1858 παρῥησίας
1290 1771 1349 1838 καὶ

130 1848 310 1933 ἀκωλύτως
331 1857 440 1919 docere
459 1857 588 1934 limite).
645 1855 747 1936 ltaque
768 1876 858 1936 quum
884 1857 995 1916 biennii
1020 1858 1099 1930 illius
1128 1859 1223 1918 exitur
1251 1858 1348 1919 serius

129 1962 157 2002 a.
178 1942 229 2002 64.
259 1943 331 2021 poni
353 1960 425 2002 ⁴non
451 1942 563 2022 possit:
592 1958 691 2019 neque
718 1940 825 2001 Paulus
852 1947 922 2021 post
950 1960 976 2000 a.
997 1941 1048 2000 62.
1077 1943 1182 2002 urbem
1209 1943 1348 2018 intrasse,

130 2045 230 2107 neque
245 2026 337 2087 Ferte
355 2034 428 2108 post
449 2046 477 2086 c.
492 2025 541 2084 61.
565 2026 759 2106 eproninciu
772 2025 881 2085 abiisse
902 2025 1115 2086 existimandus
1137 2031 1192 2086 eat.
1236 2071 1237 2077 .

213 2110 295 2172 Idem
318 2130 355 2172 ex
376 2111 445 2186 illo,
468 2110 507 2171 de
528 2130 587 2189 quo
606 2111 665 2170 iam
686 2110 777 2171 verba
798 2110 924 2171 fecimus
933 2106 989 2191 s),
1026 2110 1146 2190 Iosephi
1166 2108 1276 2193 locog)
1303 2112 1349 2174 in·

131 2194 291 2275 telligitur,
322 2197 374 2256 ubi
394 2196 524 2269 Burrus,
554 2214 612 2274 qua
639 2200 738 2256 aetate
765 2194 874 2256 Festus
903 2201 1079 2273 procurator
1100 2196 1131 2254 iu
1151 2193 1363 2258 Palaestinam

130 2280 247 2360 legatus
268 2280 376 2352 fuerit,
398 2279 455 2340 hoc
476 2278 630 2340 aNerone
651 2280 817 2340 obtinuisse
837 2280 975 2354 traditur,
995 2285 1030 2338 ut
1050 2278 1151 2340 ludaei
1171 2279 1349 2342 Caesaream

130 2364 303 2426 incolentes
316 2365 403 2426 huius
425 2365 551 2425 civitatis
572 2365 639 2425 iure
659 2365 855 2443 privarentur.
869 2363 989 2425 Etenim
1023 2362 1141 2439 Festus,
1162 2371 1197 2426 ut
1210 2365 1347 2440 vidimus,

106 2447 226 2510 *Felici
252 2457 389 2532 tempore
418 2451 534 2510 aestino
559 2450 719 2525 successit,
746 2449 860 2510 Burrus
887 2467 959 2510 vero
986 2467 1014 2508 a.
1035 2447 1087 2508 62.
1102 2445 1135 2531 a)
1163 2447 1223 2510 noir
1251 2451 1348 2513 serius

130 2551 234 2598 mense
250 2532 401 2620 Marsus)
425 2535 516 2612 obiit;
537 2534 596 2597 boc
616 2534 707 2616 igitur
727 2553 805 2597 anno
825 2553 883 2597 nec
903 2534 943 2595 de
963 2532 1029 2596 iure
1044 2531 1281 2598 caesariensium
1302 2535 1348 2597 in*

194 2834 321 2892 Lexov.
339 2837 405 2909 (qni
418 2841 459 2908 [in
476 2830 520 2891 ed.
540 2837 698 2894 commoliri.
718 2843 792 2904 1597,
810 2844 835 2892 8.
853 2858 881 2909 p.
890 2839 973 2906 419.],
991 2839 1055 2891 licet
1073 2856 1130 2890 rem
1147 2837 1183 2889 ad
1200 2856 1224 2890 a.
1241 2839 1303 2891 Ner.
1323 2843 1348 2895 1.

198 2905 316 2973 scierat,
340 2918 431 2958 tamen
448 2906 543 2958 iisdem
560 2906 630 2971 fere,
654 2907 751 2977 quibus
767 2908 877 2962 Hieron.
895 2909 924 2957 in
944 2907 1020 2961 catal.
1036 2908 1087 2959 vir.
1106 2906 1145 2959 ill.
1163 2907 1182 2958 1.
1201 2924 1241 2972 c.,
1258 2906 1347 2960 serbis

201 2975 318 3044 utitur),
338 2974 432 3056 Ado,
449 2973 649 3040 Usuardua,
675 2976 881 3056 Her-mannus
906 2973 1142 3057 Qontrnotus,
1168 2974 1347 3057 Marianus

197 3041 340 3162 iiiiii
354 3041 813 3182 tl”iti.i⁶issl.¹i.t.tsstintt¹.t
828 3041 1349 3176 {ti3¹ttttt.itf¹.¹5'¹'tt.t¹ss¹’.tt⁸35:

198 3189 324 3246 gumenta
340 3178 401 3229 illos
421 3180 581 3248 Hieronymi
597 3180 673 3247 locos
691 3176 832 3231 efferrent:
856 3179 905 3230 B'a
917 3199 931 3229 r
943 3197 960 3230 o
970 3180 1010 3228 ni
1022 3196 1077 3228 um
1114 3179 1156 3228 ico
1167 3177 1253 3295 (ω.
1272 3175 1308 3226 ad
1324 3194 1349 3230 a.

197 3249 260 3299 Ner,
277 3252 302 3299 2.
320 3250 344 3312 §.
363 3245 488 3314 cum),
506 3247 765 3299 Hensclrenium
785 3249 827 3314 (in
844 3245 920 3298 Actis
937 3245 983 3299 SS.
999 3247 1073 3296 lunii
1086 3256 1150 3297 tom.
1195 3282 1202 3297 .
1219 3263 1246 3313 p.
1265 3247 1369 3318 4⁰20„

198 3315 381 3365 Petavium
406 3314 504 3381 (docta.
527 3326 611 3385 temp.
627 3316 678 3379 xl,
697 3320 755 3379 12,
780 3316 827 3383 qui
845 3313 955 3383 quidem
972 3330 1126 3383 perperam,
1153 3310 1348 3380 Hieronymum
1400 3354 1402 3358 .

192 3379 235 3433 ,de
252 3399 323 3433 enno
341 3382 452 3433 Neronis
470 3388 494 3434 1.
512 3383 599 3452 loqui,
620 3383 783 3450 existimet),
803 3382 1007 3450 Bengelinm
1030 3379 1102 3447 (ord.
1119 3391 1200 3449 temp.
1217 3398 1247 3449 p.
1264 3382 1348 3446 286.)‚
1424 3409 1426 3415 .
1449 3429 1453 3438 ,

199 3449 233 3500 sl.
301 3451 330 3516 ι)
349 3450 390 3501 De
408 3451 535 3520 opinione
553 3468 644 3502 eorum
654 3491 662 3518 ‚
681 3453 728 3519 qui
745 3451 883 3502 biennium
901 3447 987 3512 illud,
1006 3465 1060 3518 quo
1077 3459 1172 3500 exacto
1189 3446 1281 3499 Festus
1297 3447 1350 3499 Fe·

199 3515 245 3567 lici
262 3519 414 3568 successisse
430 3517 545 3568 traditur
562 3515 636 3583 (Aet.
653 3521 694 3583 24,
712 3518 771 3583 27.)
780 3555 789 3583 ,
819 3535 834 3566 a
853 3527 973 3585 tempore
992 3526 1149 3585 computant
1164 3514 1349 3584 praelectus-ae

198 3582 281 3636 Felici
300 3593 347 3633 aut
371 3603 386 3634 a
404 3582 518 3637 Claudio
535 3584 696 3652 permissae,
721 3596 766 3635 ant
784 3602 799 3634 a
815 3585 922 3635 Nerone
939 3581 1126 3648 confirmatae,
1154 3599 1234 3652 supra
1251 3583 1291 3653 (p.
1308 3587 1350 3637 51.
1410 3608 1415 3614 ·

198 3663 257 3704 not.
278 3649 320 3715 b.)
338 3651 391 3702 ism
408 3652 488 3703 verba
505 3651 626 3704 fecimus.
662 3649 787 3704 Ceterum
809 3653 857 3714 iis,
882 3668 948 3720 quos
972 3651 1029 3702 illie
1047 3652 1258 3716 nominavimus,
1285 3652 1349 3701 viris

198 3718 286 3772 doctis
302 3719 485 3770 Petusium
503 3718 585 3771 addas
602 3719 683 3772 velim
701 3719 800 3787 (doctr.
815 3730 868 3770 tem
891 3757 897 3770 .
913 3720 963 3784 xl,
983 3719 1039 3786 12.)
1057 3729 1084 3771 et
1099 3719 1351 3786 Hottingerum
1465 3778 1474 3796 Ι

199 3788 366 3842 (chronotax.
384 3787 446 3840 hist.
466 3799 492 3842 et
511 3806 572 3906 epp:
587 3789 616 3840 P.
640 3807 667 3858 p.
690 3788 776 3854 314),
804 3787 838 3837 ub
899 3785 1054 3855 erenbergio
1077 3784 1143 3838 non'
1156 3786 1349 3838 dissentientes.

198 3857 230 3923 a)
248 3857 325 3908 Tac.
342 3855 414 3906 Ann.
433 3859 474 3920 14,
493 3860 534 3909 65.
574 3855 686 3911 ,Mario
716 3851 795 3916 Celso
818 3854 850 3906 L.
868 3854 963 3906 Asinio
981 3855 1060 3907 Gallo
1079 3851 1152 3908 Coss.
1170 3853 1220 3921 (cf.
1242 3872 1265 3905 o.
1282 3852 1347 3916 43).

197 3925 245 3977 De
261 3922 419 3976 Wettins
436 3923 470 3991 (1.
487 3942 510 3975 c.
529 3943 555 3994 p.
571 3928 644 3992 213.)
663 3935 691 3974 et
707 3923 885 3992 Rettigius
912 3925 1027 3992 (quaest.
1043 3922 1160 3992 Philipp.
1179 3941 1206 3990 p.
1224 3921 1282 3986 43.)
1298 3937 1349 3972 eo·

200 3989 271 4056 dem,
288 3989 322 4042 de
339 4009 391 4056 quo
408 4011 436 4062 p.
453 3996 495 4045 95.
512 4004 569 4043 not.
587 3993 629 4024 ***
646 3991 778 4058 diximus,
803 4009 890 4044 errore
909 3991 1049 4062 perducti,
1065 3990 1116 4042 laos
1135 4007 1200 4041 coss.
1217 4005 1287 4038 anno
1305 3992 1348 4038 63.
1437 4006 1440 4015 ¹

199 4071 342 4178 sunu:
366 4060 473 4176 ...11
489 4059 738 4191 insistit..
755 4141 779 4175 ..
796 4054 1349 4193 sith⁰s>ii”;.¹.⁵.ai¹.·.9·4it⁰⁰“”¹.3

199 4191 239 4242 Its
255 4192 451 4246 Koehlerus
468 4204 668 4260 argumentatur
685 4190 854 4260 (Abfaasgszt
871 4189 897 4245 d.
913 4193 989 4261 epist.
1006 4189 1118 4242 sehsten
1134 4198 1185 4241 ete.
1223 4225 1229 4239 .
1246 4187 1304 4252 50.)
1322 4198 1351 4240 et
1435 4236 1441 4241 .

199 4258 364 4313 schottus
382 4262 576 4329 (Eroerterung
592 4273 642 4312 eto.
659 4280 688 4330 p.
707 4263 828 4327 l].0sq.).
845 4258 936 4308 Minus
952 4269 1025 4309 recte
1041 4205 1296 4307 Bertiroldtius
1314 4255 1355 4323 (1.

199 4344 223 4382 c.
240 4327 277 4393 V,
296 4347 323 4397 p.
338 4330 428 4398 2128.)
451 4346 483 4380 eo
506 4339 649 4397 provocat,
672 4325 745 4395 quod
767 4328 795 4378 P.
822 4337 884 4396 post
909 4343 932 4378 a.
948 4329 991 4379 64.
1021 4324 1168 4383 liberaris
1191 4325 1349 4394 captivitate

197 4396 319 4448 Romana
348 4414 404 4449 non
428 4399 548 4467 potuerit
573 4394 623 4463 (ci.
650 4397 732 4446 etiam
759 4393 914 4461 Hugius,
938 4392 957 4444 1.
981 4392 1002 4444 1.
1025 4393 1064 4456 11,
1087 4410 1114 4462 p.
1136 4393 1216 4459 322.)
1224 4430 1232 4457 ,
1266 4408 1350 4459 quum

198 4462 312 4519 dubium
340 4466 390 4531 ait,
425 4464 574 4536 apostolum
607 4463 732 4516 vinculis·
746 4461 872 4514 Romanis
895 4460 1014 4512 solutum.
1034 4476 1098 4512 asse.
1192 4457 1238 4579 ί)
1260 4459 1289 4509 P.
1306 4462 1348 4510 95.

219 4534 314 4599 )nna.
338 4537 383 4600 20,
404 4534 430 4600 8,
450 4539 475 4586 9.
570 4532 603 4600 i)
620 4529 790 4585 Tse-nnn.
814 4533 855 4595 14,
875 4533 917 4581 51.
939 4529 968 4582 Ρ.
991 4528 1080 4581 biario
1096 4524 1173 4581 (laiso
1219 4563 1227 4577 .
1252 4523 1348 4578 Afinio

178 4548 277 4654 dallo
306 4597 397 4670 (ἔσει,
427 4600 475 4671 (cl.
499 4619 522 4655 c.
548 4601 624 4667 48.)
693 4600 746 4666 4ἰ)
773 4599 805 4652 V.
834 4614 902 4668 quae
927 4616 954 4667 p.
983 4600 1188 4665 lotenotap.
1217 4589 1349 4646 dieantur.
1398 4644 1402 4653 ,

1082 4660 1155 4747 ‚Gt

1134 4756 1160 4818 a.
