2956 5168
341 111 425 192 quo
447 104 564 172 usus
585 106 819 172 unoonnuoa
839 80 1137 172 noscanonnn.
1248 146 1253 167 ,
1307 114 1350 173 ιο
1405 172 1407 177 ,

126 266 204 368 gaab
224 276 372 366 ¹(draecae
402 282 470 342 usui
502 285 650 369 repugnat
676 310 721 326 -
741 279 932 342 scribendine
967 250 1047 342 eniru
1080 279 1210 367 inisset:
1253 273 1349 358 ἔτους

126 367 330 456 τριακοστοῦ
349 401 393 412 —-
412 368 524 428 rectius
554 364 635 426 alii
666 355 851 449 ἀρχόμενος
882 366 1023 426 obsolute
1065 369 1215 445 positum,
1250 368 1350 446 deque

122 456 274 537 principio
304 452 441 536 muneris
472 450 587 510 Cbrtote'
612 449 816 528 accipiendum
848 469 917 510 esse
952 456 1119 511 statuerunt
1144 446 1186 533 ἱ).
1251 451 1350 512 Huius

125 541 207 600 enim
227 541 273 600 rei
292 538 375 598 britia
395 551 451 616 per
473 553 577 594 vocem
599 525 672 617 ἀρχ.
695 533 828 608 iudicari,
850 536 956 612 partim
979 555 1016 594 ex
1036 536 1103 614 ipso
1125 535 1227 595 Lucae
1249 537 1348 596 consi-

126 625 184 699 lio,
216 624 254 684 de
281 623 373 684 rebus
402 619 509 679 alesu
538 619 631 698 gestis
660 636 829 678 sermonem
850 619 999 698 faciendi,
1029 621 1138 699 partim
1159 620 1246 695 inde,
1270 621 1349 700 quod

126 709 256 769 neuntio
279 708 318 766 de
340 705 453 767 Christi
473 702 512 764 ad
532 721 638 764 munus
659 703 830 764 obeundum
850 704 1013 764 initiatione
1034 705 1168 784 proxime
1189 707 1349 780 antecedit,

125 793 216 870 facile
237 792 429 872 perspicitur.
741 825 743 835 ·
1235 791 1237 796 ’
1329 859 1330 862 ¹

214 877 268 937 Sin
289 869 328 935 de
348 874 470 937 οίιιοαίο
490 866 661 976 quaeritur,
697 873 777 952 quod
797 874 877 933 inter
905 891 951 933 vv.
976 863 1160 959 ἀρχόμενος
1181 863 1228 936 div
1249 879 1280 935 et
1301 866 1349 950 ὡς

127 957 296 1042 ἐνομίζετο
318 953 392 1033 υίὸς
413 949 555 1059 Ἰονσρφ,
584 958 770 1032 intercedat,
800 957 979 1032 Paulus,
1019 959 1087 1037 quia
1108 958 1207 1018 lesum
1227 979 1246 1020 a
1267 958 1350 1020 barca

128 1048 193 1107 dici
209 1047 342 1124 potuisse
369 1049 459 1122 negat
487 1035 566 1105 όντα
591 1034 666 1105 οἶόν
700 1035 841 1127 Ἰωσὴφ,
874 1042 915 1101 ita
937 1048 970 1101 ut
991 1044 1076 1121 quasi
1097 1042 1199 1121 populi
1222 1043 1260 1104 de
1281 1042 1362 1115 lesu

127 1132 243 1210 origine
269 1130 370 1209 opinio
397 1129 638 1200 confirmaretur,
671 1115 716 1188 ἀίν
746 1147 814 1186 eum
849 1118 1032 1210 ἀρχόμενος
1062 1127 1108 1185 ito
1126 1127 1295 1206 coniungit,
1316 1136 1350 1187 ut

127 1216 204 1277 baec
224 1214 289 1294 ipsa
309 1231 366 1274 vox
387 1233 405 1272 a
425 1211 583 1292 participio
604 1200 649 1273 ἀίν
671 1211 809 1290 pendeat.
875 1211 938 1270 Sed
971 1231 1008 1270 ea
1028 1212 1184 1291 verborum
1208 1213 1350 1290 connexio

127 1299 209 1359 nullo
230 1304 330 1379 potest
357 1296 495 1376 exemplo
521 1295 644 1356 defendi
678 1291 748 1379 (est
769 1297 847 1355 enim
875 1297 1023 1356 inauditus
1054 1291 1287 1377 pleonasmus),
1309 1315 1350 1356 ne
1427 1331 1430 1334 ·

125 1384 180 1445 illo
200 1382 329 1461 quidem,
350 1382 429 1482 quod
449 1380 558 1441 Paulus
580 1400 619 1440 ex
638 1380 790 1458 Euripidis
812 1380 922 1439 Medea
943 1379 1054 1439 attulit:
1077 1380 1211 1463 κουφιῦς
1233 1376 1350 1465 φέρειν

125 1464 189 1554 χρὴ
211 1462 337 1551 θνητὸν
366 1457 446 1528 όντα
468 1456 659 1549 συμφοράς,
690 1466 742 1526 ubi
769 1466 800 1524 in
829 1465 928 1523 addito
959 1465 1113 1543 participio
1142 1485 1221 1527 οντα
1242 1485 1350 1544 magna

127 1555 208 1615 inest
247 1553 312 1626 vis,
352 1550 448 1611 aliena
479 1551 530 1610 illa
557 1569 575 1610 a
607 1555 709 1609 nostro
738 1547 823 1621 loco;
865 1549 1040 1607 vertendum
1070 1550 1166 1613 enim:
1209 1551 1351 1629 qnoniam

127 1636 262 1698 mortalis
285 1654 318 1696 es
337 1630 377 1717 l).
431 1632 538 1712 Neque
557 1634 651 1712 magis
673 1633 772 1712 planet
793 1632 957 1692 Erasini
984 1629 1037 1714 (od
1057 1633 1089 1692 h.
1114 1629 1148 1735 l.)
1181 1635 1349 1713 explicatio,

129 1722 180 1801 qui
202 1712 385 1805 ἀρχόμενος
406 1709 452 1781 ἀίν
473 1738 512 1778 ex
533 1718 663 1797 eleganti
684 1717 869 1778 Graecorum
895 1735 952 1775 usu
973 1737 1029 1797 pro
1057 1709 1240 1801 ἀρχομενος
1262 1707 1351 1781 εἶναι

127 1805 257 1885 positum
280 1804 447 1877 existimat;
479 1802 574 1882 qualia
597 1803 676 1861 enim
697 1803 755 1861 ista
776 1807 857 1862 esset
879 1802 1074 1861 abundantia:
1102 1793 1142 1885 ἦν
1164 1793 1349 1886 ἀρχόμενος

129 1879 240 1952 cinno!
281 1886 394 1948 Verum
415 1887 532 1948 etiamsi
552 1887 611 1946 hae
632 1887 798 1947 sententiae
818 1886 876 1945 illis
897 1905 957 1947 non
977 1885 1147 1946 laborarent
1166 1889 1264 1962 vitiis,
1296 1907 1350 1956 no-

84 1966 89 1971 ’
130 1981 195 2036 ntro
216 1971 401 2034 tamenloco
420 1977 503 2032 'stare
523 1972 592 2032 ideo
614 1991 673 2031 nou
694 1976 826 2050 possent,
848 1972 917 2050 quia
935 1970 1053 2047 Lucas,
1075 1973 1134 2032 nisi
1154 1972 1281 2032 barbare
1303 1972 1347 2030 lo-

129 2058 182 2139 qui
201 2057 432 2131 voluisseunon
451 2058 614 2137 potuisset,
634 2057 705 2136 quin
726 2057 832 2114 verba:
865 2046 911 2129 ὡς
932 2050 1100 2134 ἐνομίζετο
1121 2048 1196 2130 οἶός
1212 2047 1347 2140 Ἰωσὴφ,
1387 2079 1389 2081 ·

129 2144 226 2222 aliqua
255 2141 467 2202 coniunctionis
499 2139 603 2200 vocula
632 2160 699 2200 cum
728 2136 973 2200 antecedentibus
1004 2147 1161 2215 necteret,
1192 2141 1250 2200 bac
1281 2142 1350 2200 fere

129 2228 265 2288 ratione:
306 2215 346 2310 ἦν
366 2259 409 2270 -
431 2216 615 2324 ἀρχόμενος
647 2215 707 2297 ἀίν,
741 2217 815 2298 υίὸς
837 2221 857 2286 δ
867 2220 884 2288 ε’
894 2266 903 2296 ,
935 2215 982 2298 ὡς
1003 2220 1182 2304 ἐνομίζετο,
1202 2217 1346 2310 Ἰωσήφ.
1453 2270 1457 2285 ι

131 2312 195 2373 Sed
215 2313 293 2373 bene
313 2311 410 2370 omnia
431 2306 607 2384 cohaerent,
640 2310 669 2369 si
701 2298 748 2370 ἀίν
778 2329 845 2369 oum
865 2327 909 2368 vv.
930 2303 1005 2384 υίὸς
1021 2300 1146 2393 Ἰωσὴφ
1166 2312 1207 2370 ita
1230 2312 1351 2370 coniun-

130 2397 221 2476 gitur,
242 2402 276 2456 ut
296 2395 346 2454 hic
367 2395 479 2455 oriatur
506 2413 628 2455 sensnsa
668 2393 772 2454 Iesum
798 2392 967 2454 secondum
996 2393 1152 2453 bominum
1180 2396 1350 2475 opinionem

132 2479 254 2562 Iosepbi
264 2480 372 2560 filium
384 2479 499 2557 fuisse.
554 2478 715 2557 Portioipio
744 2479 822 2537 enim
843 2469 889 2540 ἀίν
918 2498 1009 2556 quum
1029 2480 1139 2558 optime
1160 2498 1236 2538 nexa
1257 2486 1349 2554 esset,

132 2585 209 2645 quae
230 2566 373 2644 requitur,
394 2564 514 2642 generis
530 2561 598 2624 lesu
615 2563 772 2636 enarratio,
794 2582 861 2622 cum
878 2564 925 2637 iis,
948 2583 1024 2642 quae
1045 2569 1131 2622 antea
1153 2564 1233 2623 dicta
1254 2571 1349 2638 erant,

132 2649 313 2728 evangelista
333 2649 456 2708 adiectis
477 2667 522 2707 vv.
545 2639 592 2722 ὡς
613 2643 781 2726 ἐνομίζετο
804 2649 889 2720 cavit,
911 2649 1030 2726 nequis
1053 2649 1200 2722 erederet,
1222 2667 1256 2707 se
1278 2667 1352 2727 quo-

132 2753 191 2813 qne
212 2733 311 2793 lesum
331 2753 386 2813 pro
406 2732 526 2810 losepbi
546 2732 609 2792 tilio
624 2733 752 2792 babere.
786 2732 827 2791 At
846 2732 922 2790 baec
943 2733 1007 2810 ipsa
1028 2732 1170 2792 voeabula
1192 2731 1300 2813 Paulus
1318 2728 1350 2814 l.)

130 2819 208 2878 verti
228 2819 337 2879 iussit:
359 2818 403 2878 uti
423 2836 487 2876 mos
509 2815 627 2877 ferebat
643 2812 713 2896 (wie
734 2835 767 2876 es
789 2816 844 2876 der
864 2815 942 2877 Sitte
963 2821 1080 2895 gemiiss
1104 2816 1245 2896 geaohtet
1264 2813 1350 2898 war).

130 2902 218 2963 Hono
248 2903 327 2961 enim
356 2901 393 2963 V.
416 2902 448 2961 S.
469 2899 507 2961 V.
537 2900 711 2961 ludaeorum
739 2901 982 2960 consuetudinem
1003 2901 1098 2961 fuisse
1120 2903 1285 2972 existimet,
1307 2907 1351 2975 ut,

131 2989 160 3046 si
182 2987 232 3064 qui
252 2985 395 3065 populum
408 2985 528 3066 publice
544 2985 702 3044 instituere
720 2985 840 3059 uellent,
861 3004 919 3044 non
937 2992 1005 3045 ante
1021 3004 1128 3045 annum
1144 2987 1251 3046 aetatis
1266 2985 1352 3046 XXX

130 3070 395 3150 progrederentur.
459 3069 521 3131 Sed
550 3087 648 3146 neque
675 3067 767 3129 ullum
796 3068 884 3129 huius
905 3071 995 3130 moris
1015 3072 1172 3149 vestigium
1193 3072 1351 3144 invenitur,

132 3173 233 3234 neque
249 3154 358 3229 Lucas,
380 3155 406 3214 si
426 3155 485 3216 hoo
505 3154 563 3214 sibi
583 3153 735 3229 voluisset,
755 3154 882 3214 formula
903 3174 975 3214 usus
996 3161 1087 3227 esset,
1109 3174 1185 3233 quae
1208 3155 1351 3215 lectorem

131 3240 255 3300 dubium
265 3323 279 3410 )
292 3240 457 3318 redderet,
498 3244 599 3301 utrum
630 3237 713 3302 lesus
753 3239 837 3301 annia
869 3241 990 3320 triginta
1030 3239 1128 3300 minor
1160 3239 1271 3314 fuerit,
1314 3256 1352 3300 an

130 3341 292 3386 maiorm.
533 3340 535 3347 ·

201 3592 226 3660 τ’)
243 3593 404 3675 Erasmus
421 3593 615 3646 Schmidius
633 3593 668 3645 ad
685 3594 713 3645 h.
730 3595 750 3647 l.
770 3592 944 3674 Calvisius
962 3592 990 3642 in
1009 3591 1124 3685 epistola
1143 3591 1176 3642 ad
1193 3591 1351 3662 Keplernm,

201 3661 478 3743 ap.ldr.Schpnrd.l.l.
496 3660 830 3744 Clericus‚·Grotius
848 3661 1020 3728 alnque‘aVl
1036 3659 1138 3740 olfqo,
1158 3660 1352 3775 Koeopero,

199 3728 702 3866 di.¹{'‚f'iii⁰s{,.³ds¹¹iiiiiudid}
717 3729 995 3866 ¹1.⁸if¹,3¹.⁸r'13⁰⁰a-¹{,'f¹¹'
1014 3727 1247 3860 bilbmlli?
1265 3745 1351 3844 ddi}

199 3876 273 3914 recte
290 3884 331 3916 vv.
352 3863 501 3929 διακονίας,
519 3865 562 3916 uei
581 3860 736 3929 διδάσκειν,
763 3863 806 3915 vel
823 3860 1046 3930 εὐαγγελίζεσθαι
1063 3861 1181 3932 suppleri
1200 3862 1350 3924 voluerunt,

200 3931 296 3982 melius
321 3933 391 3982 alii
418 3932 452 3982 ad
477 3932 548 3984 locos
566 3944 745 4002 provocarunt
769 3930 833 3984 Act.
852 3933 893 3993 10,
912 3933 953 3984 37.
990 3931 1035 3981 cll.
1056 3933 1080 3993 1,
1099 3934 1141 3983 2⁴2.
1177 3930 1243 3980 Luc.
1263 3931 1306 3994 23,
1325 3928 1351 3983 5.
1450 3966 1452 3970 .

201 3996 282 4068 Quod
298 4016 361 4049 vero
379 3999 594 4050 Ludovicus
614 4000 654 4051 de
672 4001 765 4052 Dieu
783 4011 810 4051 et
828 4001 874 4049 lo.
892 3997 1146 4050 Wandalinus
1164 4000 1220 4066 (ap.
1239 3996 1359 4065 Wol-¹

201 4067 287 4116 iium
306 4065 340 4116 sd
358 4066 384 4117 b.
398 4066 433 4132 l.)
453 4066 596 4119 defendere
614 4069 672 4118 ausi
689 4080 759 4132 sunt,
778 4065 839 4136 ἀρχ.
854 4065 1013 4133 pleonostice
1030 4067 1148 4135 positum
1166 4082 1231 4126 esse,
1251 4062 1279 4111 id
1296 4080 1351 4112 no-

201 4135 271 4197 stris,
290 4132 389 4198 credo,
416 4134 582 4203 temporibus
607 4153 685 4187 nemo
704 4154 761 4186 cum
779 4135 879 4203 regulis
896 4133 1103 4184 hermeneuticis
1121 4143 1191 4181 stare
1208 4147 1286 4199 posse
1304 4149 1352 4179 ar-

201 4198 361 4265 bitrabitur3
396 4199 431 4251 of.
449 4194 685 4253 Fritzsob'ius
711 4201 745 4251 ad
762 4203 812 4254 Mt.
835 4201 875 4261 16,
894 4204 936 4255 21.
979 4199 1068 4250 Multo
1086 4198 1174 4248 min'us
1193 4215 1253 4248 cum
1280 4194 1353 4249 Ca-

202 4268 370 4319 saubono
388 4267 462 4318 lectio
480 4268 650 4320 sollicitanda
668 4280 723 4333 est,
742 4272 798 4337 qui,
811 4270 907 4320 ,invitis
926 4267 1015 4333 codd,
1035 4260 1183 4336 ἔρχόμενος
1200 4266 1279 4316 scribi
1299 4282 1351 4315 vo·
1460 4264 1463 4269 ’

201 4333 263 4386 luit.
332 4334 360 4401 l)
377 4335 437 4386 Non
455 4336 520 4386 'sine
545 4336 665 4405 emphasi
690 4335 761 4386 dicta
786 4337 852 4386 haec
878 4353 933 4386 esse
967 4335 1104 4386 Paulus
1140 4351 1248 4402 quoque
1273 4331 1351 4396 vidit,

203 4418 364 4470 quamquam
387 4421 468 4519 qpem
490 4403 537 4455 illc
563 4404 651 4485 verbis
672 4422 778 4454 sensum
804 4403 917 4456 tribuit:
953 4403 991 4453 als
1008 4401 1172 4482 Sterbliober
1197 4418 1267 4451 muss
1290 4418 1353 4479 roan

275 4467 346 4519 ‘⁰⁰²¹‘
361 4467 672 4591 ⁵⁰o³dc⁶3¹m⁸d¹¹l⁶¹i⁹¹¹d
689 4466 1353 4590 tttllttt?ebullis?tituli:

203 4539 448 4657 ddineid'daeordm
465 4623 494 4658 re
519 4572 630 4675 publicis
653 4544 759 4676 caripdit
784 4605 878 4675 (qnod
896 4557 1021 4676 eqdidem
1038 4574 1214 4657 certissimum
1232 4619 1288 4654 esse
1306 4618 1352 4652 ar-

1034 4706 1051 4793 ,¹
1090 4689 1148 4750 B2
