2956 5168
306 113 391 193 quo
412 113 530 175 rusus
551 113 593 175 ut
615 112 787 193 coruum
808 82 1102 176 tuscanorum.
1205 124 1208 129 ·
1229 92 1232 99 ’
1276 111 1342 174 ra.

104 285 188 346 beria
209 284 252 345 22
273 285 472 364 assignaverat
489 280 538 367 θ),
559 285 730 347 eorumdem
752 262 886 365 tempora
906 286 948 346 ita
969 284 1132 358 describit,
1153 289 1206 358 ut,
1228 303 1321 363 quan·

103 379 167 433 tuta
187 370 277 450 spatii
303 371 382 431 inter
409 370 599 448 imperatoris
632 371 776 449 cuiusque
804 371 920 431 initium
942 376 973 430 et
992 375 1119 430 mortem
1141 369 1321 431 intercesse-

104 457 160 529 rit,·
174 456 306 515 deliniat.
332 473 337 483 ·
368 455 469 533 Atque
496 453 543 538 itti·
558 455 678 532 quidem
699 455 864 534 Augustum
886 475 942 535 per
963 474 1055 514 arrnos
1075 455 1128 528 46,
1149 473 1268 515 menses
1288 452 1321 527 i,
1398 518 1399 523 χ
1441 546 1444 553 Ι

106 542 187 600 diem
202 546 316 612 lunum,
338 538 491 598 Tiberium
520 558 576 618 per
597 559 689 601 arrrros
711 540 763 614 26,
789 560 829 598 ιιι.
851 541 882 614 n
904 540 933 601 d.
958 540 999 600 19
1031 540 1120 599 rebus
1151 538 1321 621 praefuisse

104 626 203 685 docet.
246 624 308 684 Sed
336 625 432 703 primo
460 632 539 684 tanta
562 632 609 684 est
631 631 692 685 toto
720 625 779 683 hoe
806 625 871 684 loco
891 643 1081 686 numerorum
1103 623 1255 698 confusio,
1277 631 1319 696 ut,

104 711 161 771 ubi
178 709 316 769 Clemens
339 728 361 766 a
376 709 498 787 reliquis
521 710 714 787 scriptoribus
737 709 853 783 differt,
874 728 979 787 magna
999 711 1113 769 oriatur
1134 710 1249 768 erroris
1270 712 1320 768 sn·

105 795 218 874 spicio3
249 793 373 867 deinde,
402 793 481 871 qnod
509 793 536 853 Τ
537 794 633 852 iberio
662 795 779 873 imperii
806 794 993 853 intervallum
1022 794 1125 867 datur,
1146 794 1241 852 mains
1263 802 1319 866 est,

106 899 193 958 quam
215 878 292 957 quod
313 878 391 937 inter
411 878 527 938 britium
547 880 639 957 regni
654 879 784 956 bipartiti
801 886 831 938 et
841 877 978 937 Caesaris
1000 878 1110 938 obitum
1132 878 1320 938 intercedere

105 965 253 1043 potuerit3
291 982 387 1041 neque
414 963 492 1025 enim
521 962 572 1022 ille
601 982 627 1021 a.
656 963 694 1022 U.
724 962 758 1022 0.
779 963 852 1036 763,
881 962 936 1023 sed
965 962 1028 1023 tot
1048 962 1096 1022 rei
1117 960 1181 1023 idb
1202 963 1321 1022 demum

106 1048 301 1117 communiter
320 1067 387 1107 cum
408 1046 542 1125 Augnsto
563 1048 710 1126 imperare
730 1048 829 1126 coepit
846 1045 888 1129 d).
948 1047 1142 1125 Quium-uero
1163 1055 1321 1127 praeterea

106 1132 219 1192 nullum
249 1132 337 1212 plane
365 1133 529 1192 inueniatur
552 1134 722 1211 uestigium,
744 1133 824 1191 unde
848 1137 933 1192 recte
954 1132 1133 1192 concludere
1153 1131 1261 1205 liceat,
1290 1132 1320 1191 in

105 1216 264 1296 prouinciis
285 1216 398 1276 'liberii
428 1234 520 1277 annos
552 1237 569 1276 a
598 1219 683 1296 regui
710 1215 856 1277 cotrsortic
878 1216 1023 1278 deductos
1044 1236 1133 1290 esse,
1155 1216 1229 1277 nibil
1249 1235 1321 1276 sane

107 1309 171 1375 est,
193 1320 250 1379 quo
271 1301 328 1361 ista
349 1299 414 1362 VV.
436 1299 499 1360 DI).
522 1303 691 1362 coniectura
718 1303 854 1380 cuiquam
873 1321 943 1361 sese
965 1302 1159 1361 commendet.
1202 1301 1243 1362 At
1263 1319 1323 1361 tren

107 1386 188 1446 omni
215 1385 310 1445 solum
339 1392 431 1445 caret<
449 1386 672 1464 probabilitate,
708 1386 761 1446 sed
791 1386 912 1446 disertis
942 1387 1123 1465 antiquitatis
1145 1385 1322 1446 testimoniis

106 1476 260 1549 repugnat.
324 1471 431 1549 Neque
459 1471 538 1529 enim
560 1470 769 1530 Alexandrini
786 1470 889 1542 modo,
922 1475 965 1532 uti
987 1491 1005 1531 e
1026 1470 1187 1530 Ptolemaei
1209 1488 1322 1530 canone
1350 1464 1352 1468 ’

106 1561 206 1634 patet,
234 1554 304 1614 licet
326 1555 499 1634 principum
520 1563 651 1634 tempora
675 1556 711 1614 ab
734 1576 770 1615 ea
791 1554 922 1615 solerent
942 1564 1040 1617 aetate
1061 1575 1236 1635 numerare,
1266 1550 1323 1634 q'ua

106 1639 151 1698 illi
173 1639 259 1716 regni
280 1640 352 1698 socii
381 1639 452 1698 facti
473 1648 559 1699 eratrt
575 1636 620 1720 e)-,
650 1638 764 1700 Tiberii
787 1646 884 1700 tamen
905 1642 1019 1700 initium
1042 1660 1117 1700 ιιιιιο
1140 1641 1258 1701 demum
1281 1639 1323 1699 la
1427 1670 1431 1678 ·

107 1745 136 1784 a.
151 1723 187 1783 D.
210 1719 461 1804 assignaruntfp,
482 1724 538 1783 sed
559 1731 591 1785 et
606 1722 722 1785 Flavius
738 1724 873 1785 nameus
894 1726 959 1786 eius
982 1726 1138 1805 imperium
1160 1726 1198 1784 ab
1219 1724 1322 1784 ultime
1386 1770 1391 1787 .

108 1808 236 1888 Augusti
257 1827 333 1868 amm
355 1809 438 1867 duxit
451 1803 497 1890 e).

104 1948 107 1955 .
192 1892 276 1968 Quae
306 1912 394 1972 quum
416 1893 457 1952 ita
478 1894 547 1977 sint,
578 1913 692 1953 summo
722 1915 789 1955 cum
817 1895 883 1955 iure
905 1901 1037 1955 statuere
1066 1894 1150 1954 nobis
1177 1892 1322 1966 uidemur,

55 2018 59 2025 -
107 1975 225 2037 Lucam
245 1975 363 2037 ¹Tibe-rii
388 1996 486 2038 annos
514 1978 551 2036 ab
571 1998 606 2038 eo
628 1987 819 2060 computasse
841 1988 977 2061 tenpore
984 2023 994 2052 ,
1024 1998 1082 2058 quo
1103 1980 1158 2038 ille
1178 1978 1263 2038 solus
1284 1976 1326 2036 ud

107 2061 267 2142 imperinm
288 2063 426 2122 acttessit.
443 2096 486 2107 —
528 2063 581 2122 Sin
603 2064 641 2123 de
662 2063 710 2124 die
732 2067 892 2143 quaeritur,
914 2065 993 2124 unde
1015 2063 1193 2142 euangelista
1215 2061 1324 2122 Caesa-

107 2147 150 2207 ris
166 2146 262 2205 'annor
285 2147 433 2221 derivarit,
455 2147 505 2207 alii
526 2167 593 2207 eum
615 2151 835 2210 consuetudinis
850 2150 1019 2223 Romanae,
1041 2148 1090 2208 alii
1112 2147 1256 2208 [minicae
1276 2166 1324 2206 ra-

107 2231 220 2293 tionem
247 2231 389 2306 habuisse
416 2239 555 2309 putarunt
572 2228 613 2314 b).
662 2234 706 2293 Ac
734 2235 886 2314 profecto,
908 2252 1083 2313 quamquam
1104 2239 1255 2294 auctorem
1276 2230 1324 2291 lu·

108 2315 234 2386 dabam,
256 2316 317 2395 qui,
337 2335 414 2394 quae
434 2317 473 2376 de
493 2318 584 2376 rebus
605 2318 779 2378 ludaeorum
801 2319 931 2392 tradidit,
954 2338 972 2378 e
992 2318 1117 2378 ludricis
1139 2318 1238 2378 hausit
1257 2316 1324 2374 son-

107 2401 197 2474 tibus,
219 2399 435 2474 Hebraeorum,
457 2421 543 2479 quam
553 2401 751 2462 Romanorum
773 2404 916 2463 rationem
939 2410 1073 2463 secutum
1096 2423 1164 2463 esse
1185 2401 1324 2482 probabi-

107 2485 165 2545 lius
188 2491 252 2545 est:
274 2493 381 2555 tamen,
404 2487 471 2563 qnia
492 2494 554 2546 turn
577 2489 718 2567 temporis
740 2509 843 2568 magna
865 2488 1036 2548 intercessit
1049 2486 1172 2548 ludaeos
1193 2487 1272 2568 iuter
1293 2490 1325 2544 et

107 2569 258 2630 Romanos
287 2571 493 2642 necessitudo,
530 2570 566 2630 ad
595 2571 793 2633 Romanorum
823 2593 933 2633 morem
967 2574 1119 2652 respicere
1154 2571 1237 2631 illum
1270 2589 1326 2649 po·

107 2655 211 2728 tuisse,
232 2673 293 2715 non
322 2654 382 2733 est,
414 2656 491 2735 qnod
520 2675 670 2736 negemus.
735 2658 794 2717 lam
815 2657 970 2718 Romanos
992 2656 1152 2716 Caesarum
1173 2674 1265 2716 annos
1287 2654 1324 2713 ab

109 2756 147 2799 eo
179 2740 227 2801 die
255 2739 375 2799 duxisse
406 2746 535 2815 constat,
567 2762 625 2821 quo
654 2743 777 2822 quisque
805 2742 952 2822 imperare
975 2743 1074 2820 coepit
1091 2738 1134 2823 i)
1199 2741 1264 2817 Qun
1286 2738 1326 2798 de

108 2836 213 2900 causa,
234 2844 324 2904 quum
346 2823 496 2903 Augustus
518 2846 544 2885 a.
567 2827 596 2885 d.
617 2824 688 2887 XlV
709 2827 772 2885 Kal.
802 2827 885 2906 Sept.
903 2823 933 2912 l)
960 2828 1028 2887 anni
1049 2848 1079 2906 p.
1102 2825 1136 2885 C.
1157 2842 1187 2884 ιι.
1210 2824 1252 2884 14
1273 2824 1335 2898 cli-²

108 2908 197 2981 ierit,
226 2911 355 2986 ideoque
387 2910 511 2993 abhoc
540 2912 605 2989 ipso
637 2912 687 2970 die
709 2911 823 2971 Tiberii
852 2914 1034 2992 principatus
1055 2912 1169 2972 initimn
1191 2908 1325 2988 ceperit:

108 2993 218 3067 Lucas,
239 2994 265 3052 si
289 2993 436 3057 Romanos
457 3001 577 3055 secutus
599 3002 655 3071 est,
670 2995 727 3057 XV
742 2995 856 3057 Tiberii
878 3017 984 3056 annum
1006 2999 1084 3056 inter
1105 2995 1184 3055 diem
1199 2993 1327 3072 Augusti

109 3078 220 3138 mensis
242 3076 313 3138 xlx
333 3079 402 3138 anni
427 3098 458 3159 p.
483 3078 517 3138 0.
539 3098 569 3139 ιι.
591 3080 643 3156 28,
672 3087 703 3142 et
723 3081 802 3142 inter
824 3082 901 3142 diem
924 3082 1061 3143 eumdem
1083 3081 1152 3140 antri
1174 3078 1326 3161 sequentis

110 3258 312 3269 ----.-.....-....

178 3379 205 3444 θ)
224 3377 265 3434 Cf.
283 3401 343 3434 can.
362 3382 516 3436 Ptolemaei.
585 3386 615 3453 d)
631 3385 728 3453 Pagina
753 3386 823 3455 (crit.
841 3388 867 3437 in
886 3387 984 3437 Barca.
1001 3384 1036 3436 A.
1054 3385 1089 3438 D.
1109 3385 1150 3447 11,
1168 3401 1195 3435 ιι.
1212 3379 1252 3446 9.)
1277 3381 1327 3432 bac

179 3464 213 3516 de
231 3486 309 3518 causa
327 3487 376 3534 pro
394 3448 438 3526 κς’
457 3470 517 3532 (16)
534 3449 575 3514 κε’
593 3471 653 3536 (25)
672 3471 724 3538 legi
741 3471 815 3534 culr3
848 3489 902 3540 quo
920 3469 988 3539 quid
1004 3479 1162 3540 potestesse
1179 3468 1262 3534 magis
1279 3483 1327 3515 ar-

178 3533 341 3588 bitrarium?
410 3540 436 3600 e)
450 3535 492 3589 cf.
513 3536 682 3588 ldelerus
701 3541 720 3601 l,
732 3540 789 3591 1111.
849 3538 894 3607 f)
913 3541 941 3588 ln
959 3536 1009 3589 boc
1027 3539 1097 3588 euim
1116 3533 1328 3601 eanoneAngu-

178 3602 765 3741 ili.lt'..÷⁸¹¹.2.⁰..⁸.‘.²i.i'lpitttiil‘liin
778 3605 951 3724 tibilim
970 3601 1327 3740 “llis‘itit.i¹it⁸tiii

375 3723 378 3728 ,
495 3724 497 3737 ,
799 3715 802 3720 -
935 3710 942 3735 ι

178 3748 257 3806 capta
275 3750 314 3790 est
331 3742 377 3806 (U.
397 3740 427 3794 G.
445 3739 505 3794 724.
524 3759 548 3791 a.
568 3738 598 3792 G.
618 3759 644 3792 n.
661 3742 705 3795 ³0.
741 3740 965 3792 rf.1delerus
984 3743 1002 3792 1.
1027 3760 1054 3810 p.
1075 3741 1151 3794 153⁸
1172 3739 1212 3807 q.)
1229 3755 1328 3787 nume-

177 3807 293 3868 rabant,
314 3806 348 3859 ad
367 3826 465 3858 anunm
483 3826 567 3877 usque
585 3806 618 3859 14
636 3826 658 3858 a.
676 3809 711 3860 Il.
728 3813 865 3876 pertinent
882 3808 930 3875 (ci.
947 3807 1067 3859 tabulam
1086 3805 1119 3858 ab
1138 3759 1288 3857 {delere
1307 3805 1327 3869 1,

198 3909 205 3925 .
227 3874 283 3937 148,
301 3878 497 3945 propositam).
563 3879 597 3944 g)
616 3875 682 3929 Ant.
707 3881 756 3938 18,
780 3879 816 3941 4,
841 3877 867 3928 6.
886 3877 1002 3938 (00116,
1021 3878 1062 3928 to.
1091 3876 1120 3924 B.
1139 3877 1159 3926 l.
1177 3877 1211 3936 2,
1229 3873 1261 3938 9,
1279 3872 1329 3936 5.).

177 3893 209 4006 l)
226 3942 282 3993 Nec
299 3943 452 4008 defuerunt,
471 3946 527 4013 qui,
546 3947 608 4012 quia
625 3946 654 3993 in
670 3944 816 3995 traditione
834 3944 1011 3996 ecclesiastica
1029 3943 1115 3994 Lucas
1132 3941 1327 3993 Anticcbenus.

177 4009 360 4079 Theophilus,
385 4011 420 4061 ad
437 4030 517 4081 quem
534 4014 657 4080 scripsit,
683 4011 883 4063 Alexandrinus
902 4013 1063 4082 appellatur,
1081 4009 1268 4078 evangelistam
1287 4007 1330 4057 rel

177 4078 425 4143 Antiochenam,
455 4079 497 4130 rel
522 4079 766 4131 Alexandrinorum
792 4099 871 4147 usum
893 4082 1040 4149 respexisse
1067 4078 1263 4128 arbitrarentur
1280 4073 1328 4138 (ef.

177 4146 402 4213 Bengelius,
435 4145 493 4199 ord.
518 4159 601 4214 temp.
626 4166 652 4217 p.
669 4151 720 4201 2²5
738 4166 776 4215 sq.
790 4149 810 4210 )
862 4147 903 4198 Ac
921 4151 984 4216 quia
1008 4145 1241 4197 antiocheni
1268 4153 1330 4192 ante

178 4213 279 4264 Galbae
303 4224 431 4275 aetatem,
458 4218 545 4265 numia
569 4215 674 4266 Tiberii
697 4227 724 4266 et
741 4217 854 4266 Neronis
870 4216 980 4267 testibus
1009 4214 1057 4276 (ci.
1076 4211 1228 4264 Eckhel.
1246 4211 1329 4264 Dect.

178 4297 278 4331 numm.
298 4283 343 4344 ill,
361 4300 389 4351 p.
408 4282 459 4334 276
475 4299 534 4351 sqq.
552 4282 641 4346 281),
668 4283 890 4335 consuetudinem
908 4285 1051 4334 Romanam
1070 4282 1153 4332 secuti
1171 4290 1243 4341 sunt,
1261 4277 1331 4329 ale-

178 4347 305 4400 xandrini
343 4352 439 4400 riarum
457 4350 562 4402 Tiberii
581 4368 679 4400 annum
698 4369 713 4400 a
730 4350 859 4402 Kalendis
877 4349 969 4403 Tbctlr
987 4353 1048 4399 anni
1066 4369 1094 4420 p.
1113 4346 1145 4400 C.
1163 4367 1189 4400 ιι.
1208 4345 1250 4402 id.
1269 4348 1286 4397 i.
1304 4364 1329 4400 e.

178 4416 221 4466 rel
236 4415 306 4468 adie
317 4369 432 4484 bugasti
445 4419 512 4481 XX,
530 4420 552 4469 ti
563 4417 655 4468 Thcth
672 4417 808 4480 mobilem,
827 4418 895 4468 vela
911 4417 956 4468 die
974 4417 1092 4469 eiusdem
1110 4418 1207 4467 mensis
1222 4416 1329 4477 XXIX,

178 4485 200 4534 si
223 4483 317 4535 Thotb
334 4483 418 4535 fixum
440 4488 613 4556 spectaveris,
636 4485 789 4549 duxerant,
812 4485 924 4555 perinde
949 4485 1006 4537 iere
1023 4503 1078 4537 esse
1096 4495 1221 4553 apparet,
1240 4494 1330 4533 utrum

178 4551 278 4602 Lucam
297 4553 417 4607 Romana
443 4572 476 4604 aa
494 4553 678 4618 Antiochena,
706 4571 739 4604 aa
758 4571 820 4604 vero
836 4553 1024 4605 Alexandrina
1042 4551 1236 4604 consuetudine
1252 4569 1331 4600 asum

178 4618 260 4672 fuisse
277 4618 362 4676 dr'aas.
413 4621 437 4690 ἰ)
455 4619 498 4676 Gt.
513 4619 582 4674 Dia
597 4622 642 4691 bi,
660 4625 684 4676 l.
703 4621 748 4675 cll.
765 4620 862 4677 Suet.
881 4623 965 4692 Vesp.
980 4621 1008 4675 6.
1025 4613 1109 4672 Tac.
1127 4620 1197 4671 Hist.
1214 4621 1239 4685 2,
1253 4617 1332 4671 anal.
