2956 5168
136 273 179 335 40
482 265 567 329 cAl'.
589 264 624 326 11.
666 263 721 325 nn
736 260 1001 327 ‘'l'llhffORlllUS

138 441 203 501 eius
224 437 337 498 ohitum
358 436 562 517 exponendum
582 453 770 509 accessuros,
796 429 922 517 τρίτον,
944 432 1055 512 inquit,
1077 422 1152 506 ἔτος
1173 423 1267 515 αὐτῷ
1288 434 1355 513 βα-

41 526 46 534 ’
138 514 306 587 σιλεύοντι
326 521 386 607 τῆς
407 514 487 605 ὅλης
508 512 673 596 Ἰουδαίας
694 510 938 602 cinitonem).
980 515 1106 576 Iudaeae
1119 516 1211 577 totius
1224 536 1355 596 regnum

137 609 168 668 in
188 607 351 687 Agrippam
379 606 515 667 collatum
544 612 630 665 esta
658 603 782 663 Claudio
808 603 896 683 paulo
924 606 1078 681 postquam
1106 601 1173 679 ipse
1201 601 1354 680 imperare

138 693 203 752 orhi
226 689 357 751 Romano
377 691 568 770 aoepemt‘),
596 690 617 748 l.
633 708 659 748 e.
682 687 768 768 paulo
790 693 859 765 post
880 688 976 759 diem,
998 685 1048 764 qui
1069 690 1135 744 erat
1154 693 1223 745 ante
1246 686 1276 744 d.
1300 685 1351 745 lX.

137 774 202 836 Kal.
223 774 313 835 Febr.
321 772 349 855 ⁶)
377 775 445 835 anui
466 773 518 834 41.
542 792 569 831 a.
591 772 627 832 D.
650 773 811 851 Agrippam
837 771 926 850 igitur
947 775 1016 849 post
1037 769 1153 830 initium
1174 789 1200 828 ι.
1222 768 1275 829 44.
1300 789 1353 830 ex-

138 861 268 939 spirasse
295 878 420 920 necesse
448 864 504 917 est.
548 856 682 933 Quocum
714 855 859 928 concinit,
890 853 969 933 quod
1003 853 1040 914 ah
1070 853 1174 915 eodem
1203 872 1353 914 memora-

137 951 203 1018 tur,
237 962 305 1003 enm
334 943 460 1023 septimo
490 942 673 1021 principatus
703 959 779 1000 anno
807 940 990 1012 decessisse,
1023 944 1180 1018 postquam
1201 957 1256 1017 per
1278 958 1353 1017 qua·

139 1027 306 1089 driennium
327 1026 507 1089 tetrarchiae
528 1026 658 1104 Philippi
689 1020 817 1105 (adiecta
846 1042 923 1083 anno
952 1029 1056 1101 quarto
1077 1022 1204 1100 Antipae
1233 1041 1353 1101 quoqne

138 1107 332 1190 tetrarchia),
359 1130 416 1190 per·
436 1110 592 1170 triennium
614 1110 669 1169 toti
689 1127 782 1188 regno
803 1105 921 1167 ludaico
943 1102 1164 1188 praefuisset‘).
1208 1105 1352 1166 Ceterum

139 1196 203 1256 eins
223 1201 349 1254 mortem
376 1211 436 1255 non
456 1193 507 1254 diu
528 1199 597 1274 post
617 1193 727 1254 festum
755 1191 896 1272 paschale
924 1191 1101 1270 contigisse,
1131 1208 1169 1250 ex
1189 1190 1245 1263 iis,
1274 1209 1354 1270 quae

139 1297 207 1339 mox
228 1278 379 1352 dicentur,
399 1278 521 1358 patebit.

222 1362 313 1422 Diem
326 1364 407 1443 regis
420 1363 558 1440 satutem
578 1360 701 1422 Nicol.
717 1355 971 1438 Nonacrinas)
995 1363 1111 1420 sertum
1127 1359 1252 1437 Augusti
1266 1378 1352 1419 men-

140 1448 182 1508 sis
204 1445 283 1508 diem
303 1447 398 1508 fnisse
426 1452 544 1518 censet,
573 1447 641 1525 qnia
661 1445 772 1505 festum
794 1443 882 1518 illud,
910 1445 990 1522 quod
1011 1443 1144 1522 Agrippa
1165 1448 1253 1503 sexto
1281 1450 1354 1503 aute

141 1535 265 1592 mortem
287 1531 336 1592 die
356 1532 386 1591 in
406 1530 548 1591 honorem
573 1530 709 1590 (laeseris
731 1547 823 1607 agere
843 1523 1010 1612 eoepitg),
1031 1526 1110 1587 diem
1131 1525 1247 1586 Claudii
1267 1535 1353 1587 nata

138 1615 198 1675 lem
213 1615 308 1676 fuisse
322 1614 492 1687 arbitratur,
514 1635 602 1694 quem
615 1615 734 1694 quidem
751 1614 781 1673 in
796 1612 859 1672 llal.
876 1612 1006 1673 Sextiles
1019 1611 1160 1671 incidisse
1173 1608 1353 1692 novimus*).

140 1698 202 1761 Sed
222 1701 360 1778 qnoniam
381 1700 430 1760 hic
458 1700 524 1760 dies
545 1700 631 1760 nimis
646 1703 701 1768 ¹est
727 1697 763 1757 ah
784 1699 896 1775 azymis
922 1703 1068 1768 remotus,
1099 1696 1141 1757 ita
1168 1696 1267 1773 potius
1289 1701 1353 1757 sta·

139 1785 280 1845 tuendum
308 1803 377 1845 esse
407 1783 541 1855 ridetur,
574 1782 736 1864 Agrippam
758 1778 874 1840 claudii
901 1801 919 1841 e
946 1779 1096 1840 Britannia
1123 1778 1268 1852 reditum,
1299 1780 1353 1860 qui

139 1868 222 1929 initio
243 1870 312 1928 anni
332 1868 384 1928 44.
406 1864 593 1946 contignat),
615 1864 799 1937 celehmsse3
822 1883 877 1925 uec
889 1872 999 1926 stamen
1019 1864 1107 1924 huius
1128 1861 1209 1936 festi,
1230 1864 1353 1925 eadem·

139 1972 199 2033 qne
218 1951 258 2012 de
278 1972 367 2013 cauas
387 1970 443 2011 neo
465 1951 567 2011 mortis
587 1950 737 2030 Agrippae
758 1950 838 2010 diem
859 1949 1023 2011 accuratius
1045 1947 1164 2008 deliniri
1185 1967 1287 2027 posse.

224 2034 392 2095 Constituto
409 2034 515 2095 ultimo
528 2032 660 2096 llerodis
680 2052 772 2109 anno,
793 2033 841 2094 cui
861 2033 990 2113 tempori
1011 2037 1042 2093 et
1064 2032 1161 2092 lscohi
1187 2033 1298 2094 caedes
1319 2037 1353 2095 et

138 2119 222 2180 Petri
241 2119 356 2180 vincula
383 2118 538 2183 tribuenda
565 2119 643 2193 sint,
677 2117 766 2178 facile
792 2118 946 2179 invenitur.
989 2114 1085 2176 Lucas
1108 2116 1269 2196 Agrippam
1292 2137 1351 2179 non

139 2205 181 2264 ila
201 2203 295 2264 multo
315 2209 384 2284 posl
403 2202 486 2264 Petri
509 2201 611 2282 fugam
638 2221 675 2265 ex
702 2202 810 2262 ludaea
832 2202 1007 2262 Caesareum
1035 2199 1218 2281 proiectum,
1246 2202 1351 2282 ibique

140 2293 287 2348 mortuum
316 2307 387 2348 esse
414 2287 523 2347 indicat
543 2284 584 2371 i).
632 2286 700 2346 Rex
727 2287 834 2366 igitur,
864 2287 952 2366 quum
979 2283 1146 2365 apostolum
1173 2286 1204 2345 in
1231 2284 1350 2346 vincula

141 2371 320 2446 coniiceret,
341 2372 452 2432 ultimo
472 2372 536 2432 uice
556 2373 588 2432 sir
609 2370 728 2431 ledaea
749 2377 780 2431 et
801 2370 930 2450 quidem,
952 2370 995 2429 uti
1008 2389 1046 2430 ex
1060 2369 1138 2429 omui
1158 2388 1258 2430 rerum
1280 2389 1350 2431 nar-

141 2462 271 2517 ratarum
296 2457 411 2518 ratione
432 2462 574 2539 apparet,
604 2450 873 2536 Hierosolgmisk)
895 2460 969 2515 erat.
1013 2451 1116 2534 Saepe
1136 2461 1235 2517 autem
1249 2459 1292 2516 'et
1312 2457 1351 2516 li-

208 2723 242 2779 de
260 2727 367 2780 Herode
385 2739 475 2782 nostro
493 2729 649 2798 opinionem
666 2739 771 2799 praeter
789 2723 855 2778 alios
873 2723 1063 2795 christoph.
1081 2721 1254 2779 cellarius
1271 2722 1350 2775 reln-

205 2796 272 2846 tasit
295 2798 337 2864 (in
356 2795 435 2860 diss„
482 2815 515 2847 ua
539 2797 578 2849 Fl.
602 2796 707 2864 Iosephi
731 2795 765 2847 de
785 2793 941 2846 Herodibus
958 2792 1070 2845 historia
1092 2811 1108 2843 a
1130 2793 1243 2850 rocetos
1259 2793 1351 2862 surpi-

209 2863 286 2915 cione
305 2876 397 2916 eontra
415 2815 512 2918 Cth.
531 2865 567 2919 lo.
583 2863 752 2914 Harduinum
777 2863 852 2913 iustis
876 2859 999 2914 uindiciis
1024 2862 1165 2926 asseritur,
1191 2868 1217 2910 at
1234 2861 1350 2912 nummis

206 2931 322 3000 antiquis
341 2931 513 2995 conciliatur,
557 2949 606 2982 uae
629 2933 657 2981 in
680 2933 737 2982 eius
760 2929 874 2981 dissertt.
899 2927 995 2982 acadd.
1013 2946 1041 2997 p.
1058 2932 1180 2997 20¹lsqq.
1206 2927 1349 3043 reperitur,

207 3007 234 3048 et
258 3000 286 3047 in
314 2997 377 3051 edit.
402 2999 509 3069 losephi
536 2951 762 3067 havercampisna
788 3009 853 3049 tom.
880 2997 918 3064 ll,
963 3034 970 3049 .
995 2999 1045 3049 824
1061 3012 1136 3064 sqq„
1166 2994 1187 3062 l.
1205 2995 1281 3045 Xls
1302 2997 1350 3064 q).
1381 2995 1388 3012 ‘

205 3063 270 3115 Duo
286 3066 367 3132 igitur
383 3067 409 3118 ei
426 3068 637 3134 nominatorem,
655 3064 879 3148 quemadmodum
897 3075 925 3115 et
941 3015 1086 3127 Krohelro,
1110 3080 1190 3132 quern
1206 3061 1260 3112 Dio
1279 3012 1349 3114 gas-

183 3141 194 3159 '
206 3132 266 3197 sius
278 3133 334 3201 (65,
350 3134 421 3201 Th),
439 3144 466 3184 et
483 3133 618 3205 Phiiippo,
635 3152 721 3204 prrmo
739 3131 897 3184 Herodiadis
915 3131 1020 3198 coniugi
1041 3129 1150 3196 (Matth.
1167 3133 1209 3197 14,
1218 3133 1243 3182 8.
1262 3129 1348 3184 Marc.

206 3203 231 3265 6,
250 3200 320 3267 la),
339 3218 419 3269 quem
436 3200 562 3270 Iosephus
580 3200 656 3266 (Ant.
678 3205 724 3266 18,
741 3205 772 3263 6,
789 3203 814 3252 4.
834 3199 882 3267 al.)
900 3197 1034 3251 Herodem
1053 3197 1177 3268 appellat.
1211 3194 1350 3249 Videlicet

206 3267 323 3318 Herodes
335 3269 426 3338 gentis
442 3286 532 3318 nomen
550 3279 616 3320 erat.
685 3269 718 3336 h)
730 3267 797 3319 Ant.
816 3271 858 3331 19,
875 3273 901 3330 8,
918 3272 943 3319 2.
1011 3265 1039 3332 c)
1055 3266 1116 3317 los.
1134 3264 1199 3319 Ant.
1219 3269 1260 3332 19,
1279 3269 1306 3328 5,
1324 3270 1349 3317 1.

155 3354 158 3361 ¹
206 3333 487 3399 Messenios.
569 3337 595 3404 e)
611 3341 676 3389 Ant.
694 3341 740 3397 19,
758 3341 833 3396 8,2.
868 3332 957 3384 Minus
982 3344 1104 3384 accurate
1119 3333 1150 3385 ll.
1166 3333 1186 3387 l.
1205 3337 1236 3398 2,
1255 3337 1349 3400 11,6.

207 3421 267 3455 eum
283 3403 371 3470 Philip
393 3404 402 3453 i
418 3402 590 3473 Antipaeque
605 3403 762 3455 tetrarchias
781 3420 828 3471 per
844 3397 982 3452 triennium
998 3401 1097 3452 rexisse
1115 3399 1195 3464 dicit,
1219 3418 1283 3450 narn
1300 3402 1350 3452 etsi

207 3468 240 3520 ab
257 3471 341 3522 initiis
381 3471 418 3520 sii
435 3468 566 3536 Caesaris,
592 3489 646 3541 quo
669 3480 788 3541 tempore
804 3468 925 3538 Agrippa
946 3467 1105 3519 tehsrchiae
1121 3467 1238 3537 Philippi
1254 3469 1349 3538 impo-

206 3539 272 3588 situs
289 3548 330 3587 est
347 3536 411 3602 (los.
429 3538 495 3590 Ant.
516 3543 558 3600 18,
575 3537 602 3607 6,
620 3540 690 3607 lu),
719 3536 754 3588 ad
770 3535 875 3590 Claudii
893 3553 976 3605 usque
993 3537 1145 3602 imperium,
1164 3552 1217 3604 quo
1235 3537 1287 3585 toti
1304 3537 1352 3585 lu-

207 3602 290 3656 daeae
313 3616 433 3674 praeesse
459 3607 564 3677 coepit,
590 3625 643 3658 non
669 3608 801 3675 integrum
824 3602 930 3656 effluxit
946 3601 1164 3673 quadriennium:
1191 3603 1241 3653 hoc
1259 3613 1351 3655 tamen

206 3672 322 3740 spatium
344 3690 360 3723 ι
384 3671 562 3742 quadriennio
584 3675 707 3744 propius,
734 3691 814 3742 quarn
830 3690 846 3722 a
862 3674 979 3724 triennio
996 3669 1079 3722 abest.
1173 3669 1216 3741 f)
1234 3671 1264 3720 ln
1283 3669 1350 3726 diss.

206 3757 233 3841 p.
242 3742 284 3793 41.
296 3751 353 3794 not.
361 3758 387 3810 q.
404 3740 550 3804 laudande,
564 3761 592 3811 p.
602 3746 729 3808 19-21„
800 3755 802 3759 ·
810 3743 846 3810 g)
862 3741 944 3791 Teste
960 3737 1114 3807 losepho,
1131 3737 1196 3791 Ant.
1215 3738 1256 3799 19,
1276 3743 1304 3801 8,
1321 3743 1350 3792 2.

223 3803 296 3873 )Cf.
322 3806 413 3859 Suet.
440 3807 537 3861 Claud.
554 3815 580 3860 2.
680 3808 710 3877 h)
736 3808 815 3857 Initio
842 3808 907 3865 unni⁴
930 3806 972 3857 44.
1001 3803 1143 3858 Claudium
1168 3825 1182 3858 e
1208 3805 1351 3856 Britannia

206 3871 318 3925 rediisse
358 3873 420 3924 hinc
443 3875 601 3942 colligimus.
635 3876 764 3928 Reversus
787 3885 827 3925 est
843 3871 874 3926 C.
893 3871 1004 3945 Quintio
1023 3870 1160 3943 Crispino,
1185 3873 1220 3925 T.
1239 3871 1352 3925 Statilio

206 3941 298 3993 Tauro
317 3909 392 3992 (loss.
410 3940 460 4006 (of.
478 3943 543 4005 Dio,
560 3947 602 4006 60,
620 3945 691 4006 23),
709 3953 801 4006 sexto,
827 3951 968 4011 postquam
985 3939 1121 4008 profectus
1139 3940 1240 4004 fuerat,
1257 3958 1352 3993 mense

206 4007 519 4074 (nemorosam.
539 4006 633 4062 Claud.
652 4013 706 4077 17).
733 4007 822 4076 Quum
839 4008 921 4060 lloma
938 4006 1107 4078 profecturus
1125 4020 1206 4073 esset,
1224 4009 1261 4074 τῷ
1282 4005 1350 4064 Οὐι-

206 4077 308 4142 τελλίῳ,
325 4076 370 4140 uti*
382 4075 447 4128 Dio
464 4076 546 4128 refert
562 4079 619 4160 (60,
631 4079 686 4143 21.)
702 4076 739 4143 τῷ
756 4069 922 4158 συνάρχοντι
938 4071 972 4135 ια’
989 4092 1017 4127 ιε
1033 4071 1103 4127 dire
1120 4076 1167 4128 καὶ
1184 4074 1247 4132 rode
1264 4088 1351 4143 orpo-

207 4139 302 4202 τιώτας
318 4139 562 4214 ἐνεχείρισε-καὶ
585 4160 640 4213 γαρ
656 4142 686 4204 ἐξ
701 4144 764 4196 ἴσου
782 4139 866 4195 αὐτον
883 4141 971 4208 ἑαυτῷ
989 4140 1127 4212 ἑξάμηνον
1144 4139 1210 4197 ὅλον
1226 4137 1352 4194 ὑπατεῦ-

155 4216 168 4261 J
207 4226 253 4264 σαι
270 4209 530 4278 ἐποίησιν-αὐτὸς
546 4210 577 4265 dd
595 4207 827 4282 ἔξεστραιεὺσατο.
852 4211 894 4262 Ex
911 4211 951 4262 his
971 4222 1090 4280 apparet,
1110 4208 1254 4263 Claudium
1269 4221 1351 4261 sexto

130 4324 133 4331 .
179 4326 181 4331 .
207 4279 360 4333 consulatus
377 4297 466 4331 mense
484 4291 577 4332 exacto
594 4281 645 4332 iter
662 4281 816 4334 instituisse.
849 4277 919 4329 Iulio
938 4279 1018 4344 igitur
1036 4296 1121 4328 merse
1138 4277 1285 4348 profectus,
1304 4279 1352 4329 la-

206 4347 301 4398 nuario
318 4346 413 4399 orbern
430 4349 547 4417 repetiit.
580 4349 645 4401 Eius
663 4347 766 4400 reditus
782 4347 882 4398 Romae
899 4344 972 4396 festis
989 4344 1209 4415 splendidissimis
1227 4344 1354 4397 celebra·

207 4425 250 4466 tus
273 4423 317 4479 est,
330 4413 380 4482 (cf.
398 4415 480 4479 Dio,
498 4421 550 4485 60,
564 4416 634 4484 24),
661 4415 736 4469 ouius
753 4416 792 4466 rei
809 4414 908 4465 nuncio
925 4414 955 4462 in
973 4412 1098 4464 Iudaeam
1116 4412 1198 4463 allato
1215 4412 1257 4479 (id
1276 4413 1354 4481 quod

147 4521 174 4548 w.
184 4482 255 4537 frix
270 4480 361 4550 prius,
399 4500 460 4532 uam
476 4500 540 4536 rere
556 4484 680 4552 proximo
696 4479 756 4534 lieri
772 4482 892 4552 potnit),
909 4478 936 4530 A
954 4481 1067 4550 rippam,
1086 4479 1206 4534 Caesaris
1223 4482 1354 4544 amioum,

123 4596 126 4607 ,
159 4589 177 4617 a:
192 4560 235 4638 ppt
250 4549 336 4619 ipsum
354 4499 435 4625 lnior
450 4548 605 4616 instituisse,
623 4549 831 4632 prohabileest.
898 4544 922 4612 r)
958 4552 1193 4629 calm-23..
1244 4547 1355 4614 lr)Nam

122 4676 126 4681 ’
206 4615 418 4748 limittit,
432 4617 556 4755 iiiiii?
567 4615 1159 4756 diffidi?.t⁸.:‘th:.i)iz.ihil’
1176 4635 1218 4736 ii.
1252 4634 1355 4735 ¹¹:332*
