2956 5168
432 208 521 274 aar.
542 210 594 290 ιιι,
615 166 746 275 t-er.
767 210 1048 277 susurronum.
1288 218 1351 283 raa
1450 256 1455 269 ι

131 388 214 448 111ιιιιι
235 385 333 457 modo,
355 401 394 443 ue
416 402 465 443 res
486 382 516 442 iu
536 381 641 462 volgus
663 388 825 455 emanaret,
847 385 971 457 cavisse,
992 385 1062 464 quin
1084 378 1178 446 falsos
1200 389 1349 467 sparsisse
1453 410 1458 417 ’

130 488 266 534 rumores
287 468 476 550 putabimusi
517 465 579 527 Sed
599 484 731 545 prorsus,
752 469 794 528 ita
814 467 850 527 ll.
870 470 977 548 pergit,
998 489 1015 530 ι
1036 470 1097 529 lide
1118 470 1269 549 abhorret,
1292 493 1350 553 per
1375 480 1389 550 ,“

131 557 290 617 triennium
313 552 498 613 Christianos
519 551 720 611 Damasceuos
752 560 803 612 aut
824 572 881 612 nou
904 555 1050 632 cogitasse
1072 555 1111 615 dc
1131 575 1165 615 re
1186 563 1246 617 tam
1267 560 1351 636 gravi

129 661 197 702 cum
207 638 484 716 Hierosolymitaois
505 636 756 709 communicanda,
777 646 827 697 aut
848 638 956 696 nullam
980 640 1076 699 nuncii
1091 640 1128 699 ad
1143 659 1195 700 eos
1210 641 1348 703 mittendi

129 732 233 787 nectos
262 742 330 784 essa
356 722 614 801 opportunitatem.
678 721 719 780 At
740 722 867 799 primum
889 723 1034 795 omnium,
1063 725 1201 803 quamdiu
1231 728 1348 787 vexatio

129 818 199 890 post
220 808 364 888 Stephani
385 807 506 866 caedem
527 814 593 865 orta
614 805 829 882 Hierosolymis
857 813 888 865 et
915 826 971 885 per
999 809 1057 867 alia
1079 808 1261 870 Palaestinae
1281 811 1348 873 loce

129 891 342 971 saeviebatm),
361 893 409 950 vix
432 892 586 969 quisquam
608 889 845 950 christianornm
866 889 1115 954 Damascenorum
1135 894 1213 955 hauc
1233 896 1263 954 in
1284 903 1347 956 ter·

128 1000 192 1041 ram
214 977 365 1058 prolicisci
387 992 476 1034 aursus
499 981 546 1035 est
562 971 601 1056 *).
646 974 762 1034 Deinde
783 973 906 1035 Paulum
926 979 1035 1051 statim,
1056 986 1211 1057 postquam
1233 979 1349 1043 Christi

128 1063 315 1141 disciplinam
336 1061 422 1139 sequi
443 1061 558 1139 coepit,
588 1061 619 1120 iu
642 1060 781 1119 Arabiam
803 1066 1039 1140 transgressum,
1072 1063 1171 1141 ibique
1191 1064 1347 1126 maxima·

128 1149 247 1210 triennii
267 1146 345 1207 illius
367 1152 482 1223 partem
505 1146 642 1223 exegisse
663 1144 809 1217 vidimus;
832 1164 889 1223 qua
911 1146 1031 1223 quidem
1052 1166 1090 1207 ex
1111 1148 1235 1226 regione
1257 1169 1347 1227 quum

127 1232 219 1294 facile
239 1232 307 1290 lieri
328 1234 440 1309 posset,
462 1236 495 1289 ut
515 1237 566 1301 aut
588 1229 671 1304 nihil,
692 1228 771 1307 quod
792 1230 829 1287 ad
853 1230 916 1291 eius
937 1249 987 1290 res
1009 1232 1184 1310 pertineret,
1206 1241 1256 1293 eut
1278 1253 1350 1313 per·

128 1336 231 1398 parum
254 1314 530 1392 Hierosolymitaois
552 1315 759 1373 nunciaretur:
795 1314 860 1391 quis
882 1315 1053 1389 mirabitur,
1075 1316 1147 1389 hoa,
1170 1319 1285 1378 etiamsi
1307 1318 1347 1380 de

128 1404 193 1463 eius
216 1401 410 1462 conversione
440 1398 622 1458 audivissent
649 1394 761 1480 (oeque
784 1399 863 1457 enim
885 1405 969 1458 recte
989 1418 1028 1459 cx
1048 1400 1115 1460 Act.
1136 1402 1167 1475 9,
1189 1402 1241 1461 26.
1278 1422 1345 1463 cum

128 1486 162 1546 lt.
186 1485 384 1557 concluseris,
412 1483 478 1542 illos
501 1489 562 1541 tom
584 1482 656 1541 nihil
678 1501 800 1562 prorsus
822 1482 860 1541 de
881 1502 917 1543 ea
931 1502 965 1541 re
986 1482 1173 1569 accepisse),
1195 1495 1294 1547 tamen
1313 1489 1346 1552 iu

128 1590 194 1631 eam
216 1570 359 1629 adductos
374 1587 443 1628 esee
457 1568 665 1647 suspicionem,
686 1573 720 1626 nt
741 1585 806 1626 eam
827 1567 1003 1626 simulatum
1024 1588 1092 1629 esse
1107 1568 1346 1651 crederent**)i

127 1654 288 1715 Praeterea
309 1651 342 1710 K.
365 1652 422 1711 hoc
444 1659 540 1729 urget,
563 1652 641 1730 quod
663 1650 802 1711 Paulus
833 1650 899 1711 Gal.
924 1652 1100 1725 1,18.19.
1134 1674 1169 1715 ec
1196 1656 1345 1734 apostolu-

127 1759 194 1798 rum
215 1738 374 1808 neminem,
394 1737 456 1796 nisi
472 1735 606 1810 Petrum,
629 1735 846 1813 Hierosolymis
868 1737 978 1796 vidisse
998 1737 1103 1812 tradet,
1124 1738 1247 1800 Lucas
1275 1760 1347 1802 vero

127 1823 195 1884 Act.
215 1825 245 1895 9,
269 1822 320 1882 27.
344 1822 394 1881 28.
426 1841 493 1881 cum
522 1839 589 1880 cum
617 1821 762 1901 apostolia
783 1828 987 1881 conversatum
1009 1842 1077 1882 esse
1100 1824 1219 1883 referat.
1264 1825 1345 1887 Sane

127 1909 326 1981 concedimus,
349 1925 436 1985 quem
458 1905 568 1964 Paulus
590 1904 656 1965 Gal.
679 1907 709 1979 1,
732 1905 782 1965 19.
810 1912 931 1983 praeter
950 1904 1071 1967 Petrum
1093 1908 1123 1967 in
1146 1909 1221 1968 urbe
1241 1916 1345 1969 sancta

126 2014 145 2054 a
166 1992 312 2053 sevisum
335 2009 403 2050 esse
425 1996 561 2062 testatur,
582 1989 720 2049 Iacobum
742 2008 809 2065 non¹
821 1989 917 2049 fuisse
930 2009 969 2049 ex
989 1991 1188 2069 apostolorum
1210 2011 1345 2069 numero,

127 2084 159 2139 et
179 2077 269 2136 verba
289 2096 316 2135 v.
340 2076 389 2134 18.
411 2075 461 2135 19.
496 2075 539 2134 ita
568 2074 720 2134 reddenda
742 2092 826 2134 esse:
860 2080 982 2157 praeter
1008 2075 1129 2135 Petrum
1151 2077 1263 2137 nullum
1284 2078 1345 2139 vidl

125 2160 308 2242 apostolum,
336 2159 391 2218 sed
412 2157 550 2218 lacobum
571 2159 639 2231 vidi,
661 2159 784 2218 fratrem
808 2155 980 2241 dominin);
1003 2168 1141 2234 ettamen,
1163 2163 1299 2240 quoniam
1321 2164 1344 2224 ii
1414 2224 1421 2233 ,

125 2265 245 2389 tlh
266 2246 312 2389 't
333 2243 519 2387 ithai
536 2242 791 2409 ltttttnt.
807 2245 1305 2402 “““1.1“11“’1“11“110111
1313 2268 1345 2390 l

139 2349 347 2403 esneecs,
792 2370 850 2388 ..
930 2346 989 2388 .’
1050 2344 1232 2390 ..om.
1333 2374 1344 2393 .

125 2414 202 2475 Phil.
224 2415 255 2486 2,
270 2411 353 2496 25),
375 2419 407 2474 et
427 2412 486 2472 hoc
507 2414 625 2472 nomine
648 2433 721 2491 prae
742 2348 851 2473 ceteris
871 2412 997 2473 lacobus
1019 2420 1122 2473 noster
1142 2415 1246 2493 dignus
1269 2377 1343 2491 ebat,

124 2506 231 2579 utpote
261 2501 312 2578 qui
338 2498 375 2558 ad
396 2491 476 2571 τοὺς
497 2489 637 2571 στύλους
656 2496 716 2580 τῆς
742 2493 919 2581 ἐκκλησίας
937 2497 1112 2579 ,referretur
1133 2496 1215 2581 (Gal.
1236 2500 1267 2574 2,
1285 2498 1343 2584 9.),

125 2603 186 2645 ιιοιι
206 2585 303 2655 video,
324 2583 426 2662 quidni
448 2600 512 2654 eos,
533 2583 584 2658 qui
605 2583 671 2642 Act.
694 2584 725 2655 9,
748 2583 799 2642 26.
821 2582 887 2645 τῶν
908 2574 1106 2645 ἀποστόλων
1134 2585 1275 2643 vocabolo
1297 2586 1344 2645 dl·

126 2674 249 2740 cuntur,
271 2667 391 2728 Petrum
414 2686 479 2726 cum
502 2665 610 2726 Iacobo
631 2667 726 2727 luisse
753 2668 918 2727 credamus.
976 2665 1069 2728 Porro
1098 2668 1227 2743 itineris,
1263 2671 1343 2747 quod

125 2737 287 2815 secrindum
316 2753 383 2812 Act.
410 2752 441 2825 9,
462 2752 514 2811 tto.
554 2750 636 2811 Pauli
663 2752 743 2811 iuter
772 2751 1056 2830 Hierosolymitanos
1082 2754 1342 2824 commorationem
1389 2822 1394 2834 Ι

124 2839 190 2899 Act.
212 2839 243 2910 9,
264 2836 316 2895 29.
352 2835 476 2897 relatam
498 2837 665 2915 exceperit,
698 2836 785 2896 aliam
806 2836 842 2895 ll.
865 2839 1008 2897 rationem
1038 2857 1107 2897 esse
1129 2838 1219 2911 dicit,
1256 2858 1343 2916 quam

125 2922 321 3002 profectionis
349 2922 445 2994 illius,
481 2940 557 2998 quae
585 2928 664 2981 teste
683 2920 750 2981 loco
778 2920 845 2982 Gal.
867 2924 897 2996 l,
918 2921 968 2980 21.
997 2923 1129 2981 insecuta
1150 2923 1189 2983 sit
1210 2924 1343 3002 peregri·

125 3008 272 3068 nationem
299 3005 417 3065 Hieros.
446 3005 518 3064 ibid.
550 3023 575 3063 v.
598 3006 648 3065 18.
680 3014 836 3067 narratam.
899 3004 1051 3067 Videlicet
1079 3006 1220 3067 Paulus
1250 3027 1284 3068 se
1310 3009 1341 3069 in

126 3090 251 3170 Syrium
272 3099 303 3149 et
325 3089 456 3148 Ciliciam
478 3091 631 3167 migrasse,
656 3089 779 3151 Lucas
809 3091 974 3170 apostolum
995 3092 1122 3170 primum
1147 3091 1339 3166 Caesareum,

124 3176 195 3236 inde
216 3174 342 3234 Tarsum
372 3171 416 3255 (in
439 3169 558 3251 Cilicia)
581 3174 702 3235 ductum
729 3194 798 3234 esse
826 3185 976 3236 memorat.
1006 3186 1009 3191 ’
1036 3176 1136 3255 Atque
1163 3174 1341 3237 Caesaream

125 3261 246 3340 quidem
265 3260 486 3340 intelligendam
506 3277 576 3321 esse
596 3259 683 3335 hanc,
705 3278 781 3340 quae
795 3259 908 3342 loppen
930 3262 1008 3323 inter
1037 3266 1069 3321 et
1096 3259 1176 3321 Dora
1201 3262 1238 3321 ad
1259 3279 1342 3321 mare
1405 3288 1408 3293 ·
1431 3252 1440 3293 ·’·

192 3562 229 3629 m)
246 3558 337 3609 Minue
358 3569 430 3611 recte
455 3576 500 3611 eos
525 3557 654 3622 indicare,
671 3561 718 3629 quai
741 3561 955 3630 persecutionem
977 3559 1053 3611 illam
1075 3560 1165 3612 atatim
1181 3570 1244 3630 poet
1264 3560 1343 3615 Pauli

192 3629 392 3680 conversionem
407 3624 511 3677 finitam
529 3644 585 3679 esse
621 3638 713 3689 utent,
736 3629 805 3679 inire
821 3627 980 3681 ridebimur.
1081 3629 1108 3693 *)
1126 3628 1229 3680 Eadem
1246 3629 1341 3681 Ben·
1391 3668 1394 3674 .

191 3697 286 3748 eonii
311 3697 442 3746 sententia
460 3705 499 3745 est
516 3693 548 3761 (L
564 3694 582 3747 l.
599 3646 620 3760 1
637 3715 665 3764 p.
682 3697 764 3761 alt).
831 3697 873 3763 **)
890 3696 1020 3747 Similiter
1036 3695 1117 3747 Lud.
1136 3695 1204 3766 Gap
1239 3697 1337 3749 ellus
1440 3758 1443 3763 ¹

190 3765 284 3816 statuit
302 3763 377 3828 (hiet.
397 3781 440 3832 ap.
458 3782 485 3832 p.
505 3768 529 3814 9.
547 3773 604 3817 not.
623 3764 680 3829 ”.),
700 3775 728 3816 et
745 3766 770 3814 H
776 3766 953 3816 emsenius
972 3763 1002 3828 (l.
1021 3783 1043 3815 c.
1061 3765 1168 3834 pilia).
1213 3716 1340 3817 Helorum

189 3830 448 3883 Tillemontiaa
487 3831 581 3897 (antor.
603 3832 629 3899 1,
657 3837 683 3900 2,
718 3849 745 3901 p.
769 3838 857 3899 198),
895 3834 1084 3883 Reneoniue
1118 3831 1154 3899 (l.
1171 3830 1226 3898 1.),
1245 3850 1340 3885 censor

188 3900 252 3951 libri
280 3898 451 3950 Koeblerieni
482 3916 526 3950 sae
546 3901 586 3950 ius
613 3901 688 3951 citati
722 3903 751 3951 in
783 3900 902 3971 ephem.:
928 3900 1043 3968 Aligem.
1072 3900 1242 3967 Kircbenztg,
1262 3905 1338 3964 1839,

190 3967 237 4019 fol.
265 3973 306 4019 75.
340 3987 367 4037 p.
391 3967 466 4031 631.)
501 3985 515 4017 ιι
566 3966 767 4034 difficultatem,
803 3968 837 4021 de
865 3988 918 4038 qua
948 3973 1064 4037 agimus,
1102 3966 1259 4018 diluendam
1286 3968 1340 4021 boa

191 4031 320 4099 afferant,
354 4034 428 4105 quod
456 4035 504 4085 ille
540 4048 627 4088 aetate
661 4037 733 4090 bello
761 4038 831 4088 inter
854 4037 983 4101 Arctum,
1018 4035 1139 4086 Arabum
1169 4052 1275 4102 regam,
1310 4044 1339 4087 el

190 4100 325 4152 Herodem
362 4104 492 4170 Antipera
528 4115 602 4170 gesto
636 4116 758 4154 mutuum
794 4106 1020 4155 Damascenorum
1056 4115 1083 4153 et
1112 4101 1339 4168 Hierosolymita-
1409 4104 1412 4110 “

190 4186 285 4220 norum
314 4171 502 4220 commercium
529 4172 709 4238 interruptum
741 4188 799 4222 esee
827 4169 956 4222 videatur.
1008 4168 1062 4221 Sed
1090 4168 1156 4218 baec
1184 4169 1338 4221 coniectura

188 4254 253 4286 num
295 4236 361 4306 quid
402 4236 500 4287 hebeat
536 4236 747 4305 probabilitatis,
788 4239 871 4289 serius
906 4236 1014 4287 demum
1049 4234 1199 4290 diiudicari¹
1226 4238 1335 4304 poterit.

189 4307 221 4369 n)
249 4304 294 4355 Uti
324 4304 521 4356 Koeblerns
556 4303 732 4372 (Ablaesgszt
760 4314 810 4357 etc.
840 4323 867 4373 p.
885 4307 1030 4371 15-19.)
1068 4321 1129 4354 cum
1157 4302 1216 4355 eliis
1245 4316 1338 4359 cantet

190 4373 318 4442 (quorum
342 4371 470 4441 plurimos
497 4389 551 4421 una
574 4390 636 4422 cum
660 4389 757 4440 magno
783 4390 876 4423 eorum
903 4389 1030 4437 numero,
1058 4372 1104 4441 qui
1127 4372 1157 4423 1ιι
1181 4370 1248 4424 eliae
1276 4372 1336 4423 die-

189 4439 290 4491 cedunt
324 4442 490 4504 sententias,
524 4439 701 4491 Schottus
736 4442 886 4491 nominarit
911 4442 939 4490 in
968 4449 1073 4509 promt,
1103 4438 1179 4509 quod
1204 4439 1337 4493 licebriua

189 4507 295 4559 edidit:
331 4508 455 4575 Magazin
481 4506 502 4561 f.
529 4507 609 4559 chstl.
636 4506 714 4561 Pred.
741 4508 789 4572 IV,
821 4514 846 4572 1,
869 4528 896 4576 p.
918 4511 975 4559 44⁸
996 4542 1013 4571 .,
1041 4519 1070 4559 et
1097 4508 1127 4559 in
1155 4509 1218 4577 iteg.
1247 4508 1278 4559 in
1303 4506 1335 4560 ll.

188 4576 222 4629 H.
251 4574 280 4628 F.
309 4572 331 4641 1.
354 4580 398 4638 89,
431 4587 488 4629 not.
511 4578 565 4645 9.).
616 4572 742 4628 Ceterum
766 4594 815 4629 cur
844 4593 894 4627 nos
923 4576 983 4629 laco
1004 4594 1050 4627 ιιιιι
1087 4574 1190 4629 domim
1225 4574 1335 4627 fram

187 4645 259 4696 inter
280 4642 416 4713 apostolos
444 4642 526 4697 tome
552 4661 696 4714 negemur,
732 4660 869 4717 exponere
897 4642 933 4697 ab
962 4642 1015 4697 boo
1048 4642 1110 4697 looo
1136 4644 1257 4697 altum
1283 4652 1332 4695 eat.
