2956 5168
65 186 68 191 ·
172 161 284 243 QUAE
304 159 527 235 ach-canu.
548 160 795 253 uve-xxvio.
818 160 1117 229 GONNNENTUI.
1138 164 1175 224 A.
1238 163 1281 226 ‘ib

64 334 211 417 Sedbas
238 335 407 409 sementim.
431 332 561 412 singulas
588 333 758 414 singulatim
786 332 950 397 diiudicam
974 353 1064 413 quum
1091 334 1220 397 dierum
1242 336 1282 397 sit

66 412 201 498 abbuius
216 419 422 500 disputationis
432 418 573 481 consilio:
594 418 635 479 de
656 418 719 479 sola
740 418 905 483 Schraderi
926 421 1181 499 argumentatione
1189 421 1280 480 verbo

65 505 220 567 iaciemus.
260 550 268 567 .
502 552 505 557 .
1058 514 1061 521 '
1295 515 1298 519 ’

149 589 287 668 Atqueis
303 586 440 668 quidem,
457 607 552 667 -quum
575 607 673 667 neque
701 587 882 667 subdititiam
904 587 1011 648 babeat
1033 588 1207 668 epistolam,
1226 606 1281 650 ne-

67 694 129 755 que
153 672 276 735 Paulum
304 673 428 733 vinculis
457 671 597 739 Romanis
625 672 782 740 liberatum
808 692 880 733 esso
907 672 1070 745 concedat,
1102 673 1139 732 ad
1169 692 1280 747 eorum,

65 777 143 839 quos
170 759 273 819 ultimo
301 757 369 818 loco
395 758 704 834 commemoravimus,
734 762 834 837 partes
861 763 1083 836 transgressus,
1116 757 1220 818 literas
1250 763 1281 819 et

65 845 173 907 itinera
193 844 225 903 in
245 843 403 911 triennium
423 841 607 922 Ephesinum
618 842 733 903 inserit.
777 841 846 901 Iter
866 847 965 901 autem
988 841 1136 903 Cretense
1156 841 1280 905 alterum

66 928 193 1008 apostoli
214 928 292 1006 apud
311 927 461 1005 Ephesios
483 926 639 987 adveutum
661 928 861 988 antecessisse
881 927 949 986 ideo
972 934 1078 1005 negat,
1108 926 1202 1006 quod,
1224 928 1281 989 etsi

65 1015 135 1075 fieri
155 1013 303 1092 potuerit,
323 1021 358 1072 ut
377 1012 431 1072 iiie
451 1012 483 1071 iu
503 1011 610 1072 itinere
632 1011 775 1073 Corintho
795 1010 1005 1089 Hierosolyma
1025 1011 1106 1071 facto
1129 1010 1209 1090 (Act.
1231 1011 1281 1087 18,

68 1096 231 1178 18-22.)
260 1095 380 1167 Cretam
410 1095 592 1175 appelleret,
618 1102 798 1156 tamennon
819 1096 930 1156 tamdiu
950 1095 992 1155 ihi
1013 1097 1164 1157 mansisse
1179 1098 1281 1157 existi-

66 1182 190 1251 mandus
212 1183 268 1255 sit,
296 1190 329 1241 nt
354 1182 443 1255 variis
474 1182 505 1241 iu
526 1181 647 1251 urhibus
670 1176 775 1264 (κατὰ
797 1174 909 1252 πόλιν,
933 1181 962 1252 1,
976 1176 1024 1262 n.)
1044 1181 1207 1247 doctrinam
1231 1192 1281 1242 sa-

65 1266 193 1339 lutarem
222 1266 417 1339 disseminare
446 1272 547 1344 posset
575 1261 620 1346 (p.
637 1263 735 1348 1⁰2).
783 1265 844 1327 Sed
871 1284 970 1343 oeque
997 1272 1070 1344 post·
1088 1265 1222 1326 ultimum
1244 1284 1281 1327 ex

66 1350 210 1430 Ephesiis
224 1352 389 1412 discessum
403 1369 472 1409 eum
486 1352 517 1408 in
531 1351 656 1411 insulam
672 1351 824 1429 navigasse
845 1349 986 1428 largitur,
1007 1351 1142 1428 suasum
1159 1350 1282 1429 Epheso

65 1437 98 1497 in
127 1434 333 1509 Macedoniam
363 1433 534 1513 proiectus,
563 1434 771 1513 Hierosolyma
791 1435 835 1493 ita
854 1435 993 1514 petierit,
1025 1440 1065 1496 ut.
1080 1434 1208 1495 Cretam.
1222 1452 1281 1495 non

45 1526 204 1600 ‘taugeret
231 1516 276 1602 (p.
299 1520 356 1579 1⁰1
374 1513 458 1601 sap),
499 1519 532 1579 in
559 1519 667 1579 itinere
698 1537 769 1578 vero
796 1518 1017 1596 Hierosolymis
1042 1519 1168 1579 Romam
1201 1520 1281 1580 iscto

64 1623 243 1684 quamquam
271 1603 378 1665 Cretae
394 1603 557 1682 paulisper
585 1603 695 1679 fuerit,
724 1612 824 1665 mmeo
845 1603 892 1676 ei,
923 1622 1021 1682 qurum·
1036 1606 1168 1682 captivus
1190 1613 1281 1677 esset,

64 1683 277 1835 titini.
292 1679 545 1854 illidii?
582 1706 689 1853 itii
707 1687 1173 1851 dridliipilsmsssssili'id'
1193 1690 1282 1852 titi

64 1859 150 1921 Actis
170 1858 416 1937 interponendam
438 1875 510 1919 esse
529 1858 626 1932 ducit,
654 1859 921 1937 peregrinationem
951 1857 1192 1930 Nscodoaioam,
1221 1856 1284 1917 Go-

66 1943 168 2005 uintbo
187 1943 264 2015 visa,
293 1941 413 2004 Cretam
433 1942 614 2017 tetendisse,
645 1943 748 2022 ibique
772 1961 829 2022 per
849 1960 905 2002 sex
925 1941 997 2003 iere
1013 1954 1134 2003 monos
1156 1938 1209 2024 (ab
1230 1961 1282 2003 au·

66 2034 186 2090 ctumno
206 2048 233 2087 a.
254 2025 305 2088 54.
326 2027 364 2087 ad
384 2026 499 2086 initium
521 2028 643 2087 aestatis
664 2047 690 2088 a.
712 2026 787 2107 55.)
813 2026 952 2087 bomiaes
978 2026 1143 2089 instituisse
1164 2026 1283 2088 coniicit

65 2108 111 2197 (p.
127 2112 188 2173 102
203 2112 272 2191 sup).
320 2110 497 2192 Epistulam
517 2118 615 2173 autem
637 2117 707 2192 post
727 2111 890 2172 secundum
918 2113 948 2171 in
970 2111 1077 2173 urbem
1097 2110 1283 2191 Ephesinam

65 2197 226 2259 adveutum
248 2203 398 2259 exaratam
419 2214 502 2272 esse,
518 2197 637 2277 partim
655 2195 742 2273 inde,
765 2195 844 2277 quod
865 2202 934 2275 post
955 2197 1012 2265 iter
1034 2194 1181 2265 Cretense
1202 2214 1283 2258 com-

66 2281 166 2361 posita
179 2281 236 2352 sit,
253 2281 369 2361 partein
391 2299 427 2341 ex
448 2299 485 2341 eo
503 2281 673 2360 concludit,
695 2282 774 2360 quod
796 2287 828 2342 et
848 2279 999 2360 'lychinus
1020 2287 1052 2345 et
1066 2276 1188 2361 Apelles
1202 2281 1282 2343 inter
1402 2286 1405 2296 “

65 2362 151 2445 Pauli
172 2363 289 2425 sodales
312 2374 581 2426 commemorentur
602 2363 719 2443 (8,12.
734 2360 816 2447 ln),
838 2367 888 2446 qui
909 2366 992 2444 prius
1014 2364 1045 2426 in
1067 2366 1131 2427 eius
1152 2366 1280 2427 societa-

65 2444 133 2511 tem'
150 2449 244 2531 recipi
264 2450 509 2532 nontvpotnerint,
530 2449 622 2524 alter,
645 2451 712 2528 quia
725 2455 862 2530 tempore
879 2448 987 2511 eodem
1001 2446 1116 2530 Ephesi
1137 2450 1176 2511 sd
1197 2469 1283 2527 sacro

65 2530 237 2595 Christiana
264 2552 299 2596 se
327 2536 507 2611 converterit
535 2541 567 2594 et
588 2534 764 2598 Corinthum
786 2528 969 2615 migraverit,
1000 2555 1058 2615 quo
1079 2530 1113 2597 P.
1135 2534 1283 2603 Galatiam

67 2623 99 2679 et
121 2618 288 2698 Phrygiam.
306 2620 508 2701 peragraverit
534 2620 663 2682 secunda
691 2621 756 2680 vice
782 2619 936 2699 Ephesum
964 2620 1097 2689 aditurus
1127 2618 1207 2697 (Act.
1230 2618 1281 2694 18,

66 2702 173 2765 21-
190 2704 240 2779 19,
261 2698 318 2850 hg,
341 2704 431 2780 alter,
456 2705 537 2784 quia,
566 2725 655 2784 quum
677 2710 759 2766 esset
775 2695 932 2779 Ἀσιανὸς
953 2699 1008 2787 (en
1027 2706 1099 2767 Asia
1120 2724 1282 2783 proconsu-

66 2789 130 2864 lari,
152 2786 235 2849 c'uhrs
248 2810 284 2849 ur
306 2790 470 2869 sprimaria
481 2789 621 2869 Ephesus
639 2797 712 2863 erat,
734 2786 902 2870 oriundus),
918 2788 1010 2857 Paulo
1028 2794 1091 2851 tum
1111 2782 1229 2851 domum
1247 2809 1282 2851 se

66 2873 236 2934 adiunxisse
257 2870 411 2934 dicendus
424 2874 478 2949 sit,
512 2894 602 2953 quum
623 2866 745 2949 πάντες
775 2866 810 2937 oi
837 2871 1069 2951 κατοικοῦντες
1089 2869 1148 2961 τὴν
1165 2865 1282 2941 Ἀσίαν

66 2955 149 3101 hm
163 2959 216 3032 19,
231 2959 296 3038 lo.)
312 2960 473 3018 doctrinam
492 2959 650 3020 salutarem
672 2959 862 3040 audivissent.
906 2957 1047 3023 Ceterum
1070 2967 1104 3020 ut
1125 2960 1281 3041 epistolam
1362 2981 1365 2984 ⁴

86 3044 152 3102 reci
175 3049 245 3124 post
271 3042 348 3117 hauc
374 3043 591 3125 profectionem
619 3051 730 3105 textum
761 3062 831 3107 esse
851 3044 1051 3122 demonstret,
1082 3045 1140 3107 hoc
1159 3036 1281 3131 potissi-

29 3287 32 3291 ’
133 3275 279 3394 proiectos,
296 3278 326 3328 in
342 3235 503 3329 Macedonia.
520 3286 548 3328 et
565 3276 677 3329 Graecia
685 3284 802 3330 veranius
814 3277 897 3330 fuerit
910 3276 986 3346 (Act.
993 3277 1059 3342 2‘0,1
1069 3306 1101 3318 -
1111 3278 1157 3344 3.),
1177 3270 1280 3349 episto-

145 3362 186 3395 aru
205 3355 307 3397 textam
325 3362 380 3397 osse
398 3344 922 3413 Theodosetus(sd'l'it.3,12.,
943 3358 970 3399 et
987 3348 1015 3398 in
1031 3364 1151 3418 prooem.
1170 3349 1200 3397 in
1217 3366 1279 3420 epp.

132 3412 230 3472 Pauli)
257 3412 352 3466 credit.
394 3414 429 3464 Et
454 3412 545 3465 literas
571 3424 598 3466 et
622 3415 718 3466 itinere
745 3412 833 3467 eidem
850 3417 930 3466 aetati
948 3416 1083 3484 assipaoat
1098 3416 1280 3471 baroni-us

133 3481 208 3548 (ann.
226 3480 261 3530 sd
277 3498 300 3532 a.
318 3478 366 3533 Cb.
383 3480 503 3560 573Ner.
521 3484 546 3534 1.
564 3484 588 3546 ἓ.
607 3477 711 3546 cclx,
728 3481 763 3531 ad
781 3500 803 3532 a.
822 3478 871 3536 ch.
887 3487 929 3536 58.
946 3483 1009 3537 Ner.
1026 3489 1051 3538 2.
1066 3486 1093 3549 .§.
1110 3483 1162 3547 1.),
1181 3481 1281 3543 Calo·

89 3555 92 3561 .
133 3547 226 3611 vius,
245 3559 274 3598 ut
290 3546 396 3599 videtur
412 3550 454 3613 (m
471 3544 539 3598 bibl.
556 3547 669 3613 illustr„
687 3548 757 3621 prol.
774 3549 803 3598 in
820 3565 862 3666 spi
880 3548 914 3599 sd
931 3552 1001 3616 Tit.)
1010 3548 1149 3668 ,dLipht
1156 3550 1171 3601 l
1176 3570 1192 3604 o
1190 3564 1280 3670 gras:

132 3613 1237 3756 hittiplitiisifii{tli⁰i,;.¹¹·‚¹’r⁹.¹.⁶i·t..:intimidiiti
1244 3657 1279 3742 113

63 3755 70 3814 j
155 3749 615 3805 .1ot-·118.187-191.laud.
662 3763 785 3832 postero,
805 3769 911 3822 opuscc.
930 3771 958 3822 p.
976 3754 1280 3820 lemma-chariss
1309 3773 1311 3780 ·

132 3770 274 3937 {perspice
290 3817 441 3887 Erkliiruog
458 3818 506 3870 der
522 3820 580 3873 Brr.
596 3820 631 3869 nb
642 3819 714 3873 Tun.
726 3819 782 3871 Trt.
793 3838 822 3876 u.
832 3821 947 3887 Pbilem.
964 3821 1037 3887 Gott.
1050 3827 1128 3887 177⁶,
1143 3825 1173 3872 iu
1183 3823 1279 3893 proh),

163 3885 346 3938 'obmidius
364 3885 437 3951 (hist.
456 3899 512 3942 snt.
533 3898 559 3938 et
575 3884 651 3939 viad.
672 3905 731 3940 cen.
749 3899 797 3940 etc.
814 3907 842 3959 p.
859 3889 988 3958 casso),
1006 3890 1278 3943 Heinricbsius

21 3996 23 4000 .
133 3953 216 4070 {me
227 3958 310 4024 Inep.
322 3952 357 4004 ad
370 3956 426 4011 Tit.
444 3974 471 4024 p.
482 3959 532 4007 196
542 3954 633 4072 sqz.);
652 3972 765 4025 quorum
782 3956 828 4007 alii
845 3957 889 4020 (ut
904 3956 1019 4022 Buram,
1039 3954 1149 4021 caios,
1167 3954 1278 4025 Liguri,

161 4023 260 4089 emm.)
277 4041 349 4083 eum,
375 4033 519 4089 autequam
534 4022 576 4075 Ac
598 4026 667 4075 aiam
683 4025 812 4083 intraret,
841 4025 887 4076 alii
916 4026 968 4091 (ut
984 4020 1088 4091 zach,
1116 4025 1277 4090 So'bmidius,

133 4087 237 4150 Heius.)
251 4101 315 4160 post
330 4088 472 4140 adrentum
489 4090 600 4142 inbono
620 4103 719 4142 terram
737 4090 772 4140 ad
790 4088 926 4143 Cretenses
943 4095 1080 4160 navigasse
1095 4091 1278 4157 arbitrantur-3

135 4155 279 4223 Nicopolin
297 4167 343 4205 aut
360 4157 436 4224 Epiri
449 4158 490 4221 (ut
499 4157 612 4221 liorem,
630 4158 761 4223 Hom),
781 4169 826 4208 aut
835 4158 966 4210 Thraciae
984 4156 1150 4274 Nullus*
1169 4159 1277 4225 Heior.)

136 4222 236 4273 dictam
256 4241 311 4275 ease
329 4234 442 4292 putant,
470 4235 536 4289 aut,
564 4241 694 4293 quaenam
719 4224 798 4274 huius
822 4227 937 4276 nominis
961 4245 992 4275 ur
1012 4243 1023 4275 s
1041 4225 1277 4293 intelligendasit,

134 4309 189 4342 aon
207 4289 346 4341 definiunt.
364 4290 574 4342 -Grotius
592 4288 687 4360 (presi.
706 4291 734 4340 in
752 4292 809 4359 ep.)
827 4293 920 4342 Titum
938 4311 952 4342 a
970 4292 1067 4357 Paulo,
1086 4312 1169 4363 quum
1187 4297 1277 4366 capti-

134 4376 181 4408 vus
199 4358 309 4408 Romam
328 4358 470 4410 duceretur
493 4358 568 4424 (Act.
584 4362 626 4422 27,
644 4363 662 4410 i
671 4361 745 4426 sqq.)
771 4355 884 4424 Cretae,
913 4359 960 4410 ubi
977 4361 1031 4410 iarn
1046 4363 1120 4432 prius
1138 4361 1171 4412 ab
1187 4364 1278 4414 homi-

133 4424 212 4477 nibus
236 4427 335 4494 ignotis
354 4444 419 4479 evan
439 4426 484 4477 elii
501 4427 600 4478 semina
616 4442 705 4494 sparsa
722 4425 840 4490 fuerint,
870 4427 1011 4493 relictum,
1037 4429 1187 4499 apostolum
1203 4447 1276 4494 vero,
1321 4461 1324 4465 -

133 4493 247 4545 vinculis
263 4494 387 4546 Romanis
402 4445 562 4561 liliorntum,
592 4511 675 4563 quum
697 4493 823 4565 Nicopoli
840 4496 870 4547 iu
886 4496 970 4567 Epiro
986 4496 1105 4551 hiemare
1122 4499 1277 4551 constituis-

133 4571 192 4629 set,
209 4561 300 4614 literas
319 4560 354 4612 ad
370 4580 431 4614 eum
448 4560 554 4615 dedisse
581 4562 713 4632 opinatur.
