2956 5168
204 256 265 329 122
470 254 619 318 cantv.
649 254 703 316 nn
724 250 986 315 TEMPORIBUS
1007 250 1155 316 RERUM

203 425 354 508 apostolos
377 426 532 505 migrasse,
553 444 660 503 neque,
681 444 770 502 quum
791 424 918 503 primum
939 426 969 483 in
990 423 1094 483 urbem
1116 429 1247 484 sanctam
1269 424 1418 501 rediisset,

204 531 242 573 ex
263 510 404 591 apostolis
433 510 521 569 alium
552 509 696 588 quendam
719 510 839 579 vidisse,
862 528 947 587 quam
963 509 1082 567 Petrum
1104 528 1139 568 ac
1161 515 1320 587 praeterea
1340 509 1421 571 laco-

203 596 284 669 bum,
306 596 416 655 domini
436 594 576 668 fratrem,
599 594 675 673 apud
699 613 772 671 quoa
795 594 910 652 nonnisi
932 612 1041 671 paucos
1063 593 1127 651 dies
1149 595 1309 666 manserit3
1343 595 1422 669 hinc,

206 683 256 741 uhi
278 701 315 740 ex
337 680 491 738 itineribus
518 681 549 738 in
578 679 673 737 varias
695 688 792 736 terras
814 680 961 755 susceptis
983 677 1189 755 Hierosolyma
1211 698 1352 738 resersus
1372 681 1422 753 sit,

207 785 262 826 nec
283 766 383 824 'l'itnm
406 765 562 837 comitem,
594 776 768 845 quamquam
797 762 958 839 gentilem,
980 772 1113 821 coactum
1136 781 1224 834 esse,
1254 770 1288 821 ut
1310 783 1346 823 se
1367 765 1425 823 cir·

205 850 333 909 cumcidi
359 856 528 926 pateretur,
562 855 594 907 et
614 855 727 907 tantum
750 840 898 919 abfuisse,
928 842 962 905 nt
983 847 1121 920 lacobus,
1150 847 1272 920 Petrus,
1301 847 1424 908 loannes

205 936 299 1013 ipsius
321 934 351 991 in
374 933 507 991 doctrina
530 932 722 1004 invenissent,
745 933 821 1011 quod
846 931 1111 1011 displicuissetut
1133 933 1334 1009 agnovissent,
1357 952 1424 993 esse

205 1038 240 1079 se
262 1018 450 1089 destinatum,
476 1016 528 1094 qui
554 1016 676 1094 paganis
703 1017 887 1095 evangelium
915 994 1252 1094 tralensi'tlentqne
1269 1016 1360 1076 Petro
1381 1019 1426 1076 iu·
1462 1060 1465 1065 -

206 1104 398 1163 constantiam
421 1101 540 1178 publice
562 1120 631 1160 sese
653 1101 850 1178 exprobrasse
871 1101 976 1173 refert,
999 1121 1056 1180 qna
1077 1101 1129 1159 ille
1144 1101 1330 1176 Antiochiae,
1354 1101 1425 1181 licet

206 1189 290 1267 prius
311 1206 378 1245 cnm
402 1184 577 1245 Christianis
599 1205 616 1244 e
636 1187 775 1263 gentibus
796 1182 928 1245 oriundis
946 1180 1140 1249 'convasatis
1162 1186 1290 1256 suisset,
1317 1187 1422 1263 serius,

207 1274 312 1330 timore
335 1269 693 1330 iudano-Christianorum
721 1271 903 1348 quorundam
925 1280 1095 1350 permotus,
1116 1271 1154 1330 ab
1176 1290 1278 1329 eorum
1302 1289 1424 1331 consue-

211 1357 315 1416 tudine
337 1355 537 1415 abstinuisset.

291 1472 394 1550 ltaque
420 1479 453 1530 ut
473 1473 532 1529 iam
558 1471 595 1530 ad
624 1471 739 1551 singula
765 1479 966 1546 transeamus,
991 1472 1023 1530 P.
1047 1491 1097 1545 se,
1134 1476 1291 1549 postquam
1321 1470 1422 1549 alico

205 1557 245 1619 ad
267 1565 363 1617 castra
379 1554 547 1615 Christiana
568 1556 712 1618 adductus
742 1565 773 1615 et
794 1558 948 1636 gentilium
966 1557 1070 1616 doctor
1083 1558 1233 1615 institutus
1248 1557 1300 1629 ait,
1317 1550 1423 1630 statim,

206 1643 327 1703 homine
350 1641 429 1700 nullo
449 1642 479 1699 in
501 1641 654 1701 consilinm
677 1642 800 1715 adscito,
822 1660 880 1701 non
903 1642 941 1701 ad
963 1642 1113 1720 apostolus
1127 1640 1424 1719 llierosolymitauos,

207 1728 312 1787 sedin
335 1727 471 1786 Arabiam
494 1727 620 1801 abiisse,
652 1727 722 1786 hinc
742 1726 919 1787 Damascum
947 1723 1040 1808 (unde
1061 1726 1214 1805 proiectus
1236 1722 1423 1807 1110111111-

206 1813 300 1885 tiisse,
316 1831 351 1871 ac
366 1817 434 1890 post
447 1812 604 1870 trienninm
621 1810 828 1890 Hierosolyma
843 1813 960 1871 vertisse
974 1818 1118 1873 memorat
1133 1807 1254 1892 (Gall,
1264 1808 1422 1891 15-13).

208 1898 239 1957 ln
262 1917 319 1976 qua
341 1896 461 1974 quidem
481 1897 649 1956 narratione
671 1895 708 1954 ad
731 1915 801 1955 usus
822 1904 939 1956 nostros
961 1895 1134 1975 applicanda
1147 1896 1275 1975 primum
1298 1896 1422 1955 omniun

208 1981 410 2060 quaerendum
434 1980 759 2051 cantuaniensem
780 1980 862 2040 11111111
883 1981 926 2039 sit
947 1979 1128 2039 ducendum.
1165 1980 1241 2039 Sunt
1262 1981 1356 2054 enim,
1376 1979 1422 2057 qui
1465 1997 1468 2007 ·

207 2065 278 2125 illud
301 2065 338 2123 ab
361 2083 397 2122 eo
419 2072 572 2140 tempore,
600 2084 658 2142 quo
678 2064 787 2123 Paulus
815 2065 853 2124 ad
876 2063 1027 2123 Christum
1057 2085 1090 2125 se
1118 2064 1320 2136 converterit,
1351 2070 1424 2137 sunt,

209 2151 258 2228 qui
283 2149 320 2207 ab
342 2149 406 2207 eius
428 2149 526 2206 reditu
547 2148 578 2206 111
607 2148 710 2208 urbem
733 2148 947 2208 Damascenam
969 2146 1193 2232 computante).
1243 2148 1422 2208 Rectissime

208 2242 307 2295 antem
329 2233 367 2291 ab
389 2233 453 2291 eius
476 2233 600 2292 transitu
622 2235 658 2292 ad
681 2233 749 2294 lesu
770 2253 856 2293 sacra
876 2236 1036 2305 numerari,
1058 2237 1163 2312 partim
1186 2253 1224 2293 es
1240 2233 1425 2310 oppositione

209 2319 401 2397 perspicitur,
413 2337 488 2395 quae
503 2318 660 2377 intercedit
674 2320 753 2378 inter
766 2317 873 2381 verba:
890 2309 987 2380 οὐδὲ
1010 2309 1088 2400 ἆνῆ
1096 2316 1199 2380 idon
1216 2310 1288 2391 aig
1305 2309 1336 2379 ‘I
1340 2328 1424 2402 epo*

209 2395 384 2480 ojdtvpa,
405 2412 450 2461 et:
473 2394 592 2464 ἔπειτα
606 2398 691 2480 μετὰ
707 2395 763 2486 ἔτη
778 2399 855 2488 apic
878 2394 1059 2486 ἀνῆλθον
1079 2394 1308 2487 εἰςἾεροσ.,
1323 2404 1425 2480 partin

208 2488 280 2547 iude
301 2493 394 2565 patet,
416 2487 496 2565 quod
517 2486 554 2547 ab
576 2489 656 2547 omni
677 2490 808 2548 veritatis
832 2490 934 2567 specie
955 2489 1103 2560 abhorret,
1126 2487 1250 2547 ludaeos
1266 2487 1424 2547 Damasce-

208 2590 263 2632 uos
285 2591 390 2649 passos
412 2590 496 2646 esse,
525 2578 574 2645 ut,
603 2573 655 2650 qui
683 2573 749 2632 iere
770 2574 833 2632 'sub
854 2577 986 2651 ipsorum
1008 2572 1101 2631 oculis
1122 2573 1163 2632 ita
1186 2592 1203 2631 a
1223 2571 1427 2650 paternoliei

208 2656 290 2717 cultu
320 2657 504 2729 desciverat,
541 2664 574 2716 ut
601 2657 639 2716 ad
672 2658 778 2717 horum
799 2666 901 2736 partes
924 2677 957 2717 se
980 2657 1145 2727 conferret,
1173 2658 1223 2735 qui
1245 2658 1376 2717 maximo
1395 2655 1427 2717 ab

208 2743 245 2803 111
266 2742 335 2801 odio
356 2742 549 2816 habebantur,
566 2761 627 2819 ,per
648 2743 814 2802 triennium
836 2744 954 2821 impune
975 2760 1034 2800 non
1056 2742 1151 2801 solum
1171 2743 1201 2799 in
1230 2761 1339 2801 eorum
1360 2740 1428 2801 urbe

209 2832 389 2898 versaretur,
409 2846 511 2886 verum
534 2826 609 2886 adeo
630 2845 733 2887 novam
749 2827 863 2887 Christi
884 2827 1047 2886 doctrinam
1069 2833 1249 2904 propagaret
1260 2824 1304 2908 ί1).
1335 2827 1428 2905 Atque

208 2912 289 2971 idem
321 2912 380 2971 hoc
408 2917 613 2989 argumentum
640 2906 727 2972 'uobis
748 2912 928 2990 persuadet,
956 2910 1089 2969 Paulum
1110 2912 1273 2969 mannam
1307 2908 1431 2971 triennii

209 2995 293 3055 iltius
314 3003 440 3075 portem
466 2996 499 3054 in
526 2994 644 3055 Arabio
672 2998 812 3075 erega'sse
825 2993 864 3076 e).
929 2995 985 3055 Cui
1026 2995 1144 3074 quidem
1173 2997 1347 3056 sentcntiae
1376 3013 1428 3055 nou

211 3081 311 3141 obstat
332 3079 432 3139 Lucae
462 3080 501 3138 de
529 3081 635 3140 itinere
661 3081 790 3141 Arabico
812 3081 978 3152 silentium
1010 3097 1076 3138 111111
1099 3080 1125 3138 si
1148 3078 1266 3153 Paulus,
1289 3080 1428 3159 quamdiu

211 3165 242 3225 111
272 3165 382 3224 Arabia
416 3165 515 3242 degit,
542 3185 644 3243 parum
677 3167 789 3244 gessit,
818 3165 895 3244 quod
926 3165 1067 3245 memoria
1090 3165 1210 3242 dignum
1239 3172 1324 3238 erat,
1348 3182 1428 3245 quam

209 3248 300 3310 facile
322 3246 389 3309 lieri
409 3251 521 3328 potuit,
548 3256 581 3308 ut
600 3249 709 3310 Lucam
730 3250 817 3309 hniua
840 3250 955 3309 itineris
977 3249 1107 3327 cognitio
1128 3248 1260 3327 fugeret,
1292 3266 1429 3329 praescr-

211 3335 265 3395 tim
287 3354 377 3415 quum
392 3334 445 3395 ille
465 3335 522 3395 ista
543 3341 641 3395 aetate
665 3334 794 3394 nondum
817 3335 849 3393 111
869 3332 952 3394 Pauli
971 3335 1144 3394 societatem
1168 3340 1309 3413 redeptus
1339 3332 1429 3396 esset!

279 3604 382 3673 sipon.
423 3604 505 3655 Recte
530 3600 641 3671 quidem
668 3600 829 3652 Winerna
854 3600 989 3665 angustius
1015 3599 1082 3649 haec
1112 3597 1194 3648 rerba
1222 3598 1311 3666 accipi
1335 3608 1449 3660 noricis

279 3673 301 3722 si
324 3674 362 3722 ita
389 3671 554 3724 reddantur:
589 3688 643 3722 non
670 3668 781 3731 adhibui
810 3677 971 3737 quemquam
999 3666 1152 3731 mortalium
1182 3664 1381 3735 (reliquorum)
1404 3669 1430 3716 in

281 3740 435 3797 consilium,
469 3757 550 3806 quum
582 3740 611 3791 P.
639 3736 673 3788 de
710 3736 833 3801 consiliis,
854 3737 976 3786 humanis
1011 3728 1231 3803 in1'uqiversurn
1265 3734 1314 3800 (et¹
1340 3754 1387 3785 suo
1409 3745 1432 3785 et

281 3806 403 3870 oliorum)
427 3806 570 3874 loquatur,
601 3824 716 3873 quorum
746 3806 877 3855 rationem
909 3804 1008 3854 habere
1038 3802 1167 3867 noluerim
1199 3800 1247 3852 sed
1276 3803 1364 3853 totius
1391 3815 1430 3853 ta-

190 3894 193 3901 ·
280 3892 341 3923 men
370 3873 422 3924 loci
452 3890 555 3936 nexus,
586 3891 647 3922 eum
675 3873 813 3939 praecipue
842 3870 876 3921 de
909 3868 1103 3921 consultatione
1131 3884 1191 3919 curn
1220 3867 1283 3918 aliia
1312 3871 1432 3921 instituta

282 3942 400 4006 cogitare
418 3941 506 3992 docet.
592 3940 618 4002 c)
637 3938 662 3987 A
681 3940 758 3989 Pauli
781 3939 957 3989 conversione
977 3937 1123 4006 plurimi
1150 3948 1306 4000 numeraut3
1327 3936 1365 3987 ab
1383 3939 1433 3989 eins

282 4008 373 4061 reditu
403 4007 438 4057 ad
462 4009 640 4056 Damascenos
667 4006 847 4057 Marabius
873 4006 1004 4055 rationem
1023 4005 1098 4057 ducit
1115 4005 1277 4072 (Annerkk.
1297 4004 1359 4055 und
1377 4007 1433 4057 Zu-

281 4088 368 4129 sactze
386 4095 418 4124 zu
437 4076 455 4126 1.
473 4075 506 4125 D.
526 4070 713 4123 illichae'lis
739 4073 811 4122 Einl.
837 4083 887 4122 etc.
906 4083 969 4124 tom.
987 4074 1018 4124 ll.
1043 4094 1070 4142 p.
1088 4081 1131 4125 Π.
1158 4091 1224 4123 vers.
1242 4074 1433 4125 Rosenrniille·

281 4146 400 4207 rianael3
433 4140 546 4194 eandem
570 4143 728 4191 sententiam
752 4140 835 4190 altera
860 4140 1069 4210 probabiliorem
1094 4140 1194 4191 hahent
1215 4140 1382 4210 Koppius
1411 4150 1434 4191 et

280 4216 457 4281 Borgerus
476 4209 524 4276 (ad
543 4208 600 4259 Gal.
620 4214 645 4271 1,
666 4213 807 4274 18.)‚non
824 4221 990 4278 repugnante
1010 4208 1185 4259 Kiicblero
1205 4208 1234 4274 (1.
1253 4225 1276 4258 c.
1295 4227 1322 4276 p.
1335 4215 1381 4261 29.
1395 4208 1433 4259 cll.

282 4301 307 4349 p.
318 4286 380 4344 tn).
393 4308 427 4319 —·
444 4281 514 4329 Mira
528 4289 565 4328 est
583 4278 674 4345 opinio
686 4280 800 4328 auctoris
818 4276 935 4327 chronici
948 4277 1038 4340 Alex,
1052 4279 1098 4345 qui
1111 4278 1152 4344 (p.
1162 4276 1221 4327 11111.
1235 4279 1295 4339 548.
1305 4275 1349 4328 ed.
1359 4276 1434 4342 Rad.)

282 4351 425 4399 triennium
440 4345 506 4397 1111111
518 4363 605 4413 neque
618 4363 631 4392 a
651 4348 831 4405 conversione,
844 4363 932 4412 noque
949 4345 982 4395 ab
995 4347 1089 4396 itinere
1113 4362 1146 4395 1111
1157 4342 1258 4399 Arabia
1271 4344 1435 4396 Damascum

283 4427 415 4484 saucepto.
434 4416 479 4465 scd
499 4414 532 4463 ab
551 4414 628 4462 initio
646 4414 752 4481 imperii
771 4411 911 4464 Claudiani
930 4424 1077 4480 computat.
1143 4412 1175 4471 11)
1195 4408 1241 4469 cf,
1255 4411 1436 4464 Eichhor-

283 4484 365 4533 ni=us
382 4484 464 4548 (Einl.
483 4482 526 4545 lll,
545 4499 572 4549 p.
589 4481 736 4543 23—25.)
810 4481 836 4546 e)
854 4479 927 4531 idem
943 4482 974 4533 L.
993 4478 1184 4596 Cappellus
1202 4481 1341 4531 existimat
1362 4482 1436 4541 (bist.

285 4569 329 4617 ap.
347 4569 375 4617 p.
392 4556 459 4617 itaq.
483 4559 540 4601 not.
553 4548 612 4612 **),
640 4546 821 4601 Cellarius
839 4546 914 4611 (diss.
935 4547 1028 4599 acadd.
1047 4566 1061 4599 e
1084 4587 1090 4601 .
1109 4548 1157 4599 Ge.
1175 4546 1287 4599 Walch.
1306 4567 1334 4617 p.
1348 4549 1436 4614 ·’151.),

283 4617 442 4669 Witsius
460 4616 564 4682 (malet.
583 4614 660 4667 Leid.
677 4634 704 4685 p.
720 4615 797 4680 311),
815 4615 1015 4667 Bensonius
1041 4616 1070 4682 (l.
1087 4615 1108 4666 l.
1125 4616 1147 4680 l,
1164 4635 1191 4684 p.
1208 4614 1299 4681 214),
1330 4617 1438 4668 Eich-

284 4685 428 4739 hornias
445 4684 479 4751 (1.
496 4683 516 4737 l.
535 4683 578 4745 lll,
596 4701 623 4753 p.
639 4683 752 4763 2394),
769 4683 1044 4752 Enmerlingius
1065 4682 1149 4755 (prol.
1167 4685 1196 4733 in
1212 4686 1238 4737 ἢ.
1257 4681 1296 4733 ad
1313 4681 1378 4739 Gor.
1396 4702 1437 4754 ep.
