2956 5168
348 237 442 337 nci'.
462 237 516 320 nt,
535 240 661 305 1-81.
701 237 988 304 decumanum.
1165 297 1170 304 .
1213 246 1275 310 181
1380 314 1382 320 ,

38 414 110 474 ‘its
125 409 235 473 ‘nolent
252 427 319 472 cnm
341 410 395 486 iis,
426 429 504 490 quse
523 407 559 469 Ρ.
595 408 703 472 boor.
726 367 776 485 11,
795 410 848 473 82.
881 411 990 488 tradit,
1025 351 1206 489 conclliare,
1240 422 1277 479 ut

64 496 192 560 ludaeos
213 495 341 579 sliqnot,
373 495 481 577 quibus
503 495 658 574 apostolus
681 495 721 554 de
740 493 821 556 facie
842 498 981 575 cognitam
1003 503 1103 574 meet,
1130 498 1276 564 militibus

63 592 100 644 se
132 581 304 641 adiunxisse
340 579 454 654 dicant,
482 581 548 659 qui,
577 580 603 639 si
628 580 682 640 iile
709 579 793 640 forte
820 581 998 656 accederet,
1027 582 1077 642 bis
1104 602 1170 645 rem
1197 586 1275 646 indi-
1348 632 1355 647 ,
1447 576 1450 585 ’

62 671 180 729 curent
222 664 284 726 Sed
304 664 377 724 licet
396 665 473 725 baec
494 665 644 725 sententia
664 663 789 725 tolerari
810 666 925 745 possit,
945 675 1057 740 umen,
1079 669 1149 747 quia
1161 668 1275 734 Lucam

63 749 104 811 de
136 749 254 811 indteia
283 749 356 809 solis
382 750 533 834 cogitasse
558 748 751 810 manifestum
778 754 844 823 est,
873 751 992 812 nonnisi
1020 751 1147 814 iudaeos
1176 756 1275 824 esitus

63 835 264 897 custodiuisse
289 834 566 895 rectius'stntuere
592 835 678 923 nobis
707 833 853 899 ridemur.
910 836 998 912 Quod
1024 855 1115 916 quum
1135 839 1173 898 iis
1195 839 1275 900 haud

49 911 157 981 'dubis
177 938 239 983 non
259 918 376 992 liceret,
398 919 456 980 nisi
477 919 673 1008 permittente
686 917 824 983 Romum
845 919 929 980 urbis
949 921 1136 1001 msgistrstu,
1157 924 1194 983 ab
1215 924 1275 985 hoc

64 1005 132 1067 eins
152 1004 198 1066 rei
219 1005 337 1069 veniam
356 1004 536 1084 impetrasse
558 1003 748 1065 existimandi
769 1008 868 1063 erunt.
910 1002 971 1065 lana
991 1024 1065 1066 vero
1086 1005 1146 1080 isc,
1161 1008 1275 1069 Arctoe

63 1087 261 1151 etbuarchnm
275 1086 342 1172 (qui
356 1087 450 1149 Paulo
464 1089 522 1149 iam
544 1089 637 1167 prius,
659 1107 749 1168 quum
771 1087 824 1148 ille
846 1088 878 1147 in
892 1087 1001 1149 Arsbia
1023 1096 1116 1167 esset,
1136 1093 1274 1154 infensus

62 1171 161 1235 inisse
187 1173 305 1243 uidetur
322 1170 397 1256 s)),
422 1172 505 1234 forte
525 1171 647 1233 fortuna
668 1173 798 1246 eodem,
832 1192 893 1251 quo
915 1173 1101 1253 spostoium,
1136 1181 1276 1258 tempore

62 1256 1277 1422 diuisisti..utilitatis:1iiizttlt.t:tr.ilii.iii

62 1431 186 1507 rogatus
203 1429 238 1504 r)
249 1470 260 1500 ,
295 1427 477 1487 anctoritate
496 1445 551 1486 sna
572 1427 652 1507 apud
672 1427 876 1507 mgistratum
898 1425 981 1487 Dans.
1003 1427 1220 1503 intercederet,
1242 1435 1277 1491 ut

62 1511 123 1572 illis
143 1518 298 1593 porterum
329 1511 580 1573 observandarum
610 1516 794 1593 potestatem
821 1504 944 1571 dureti'
975 1513 1042 1588 Quo
1069 1511 1153 1574 iacto
1179 1534 1276 1594 aeque

63 1595 227 1659 etbnsrcba
247 1616 284 1658 ac
309 1594 412 1657 ludaei
433 1595 609 1657 Damsscum
637 1596 837 1658 custodivisse
867 1595 926 1656 dici
942 1602 1104 1676 ‘poterant
1123 1631 1167 1646 -
1216 1598 1276 1671 Ce-

62 1685 163 1749 terum
183 1682 209 1742 si
230 1701 281 1741 res
301 1681 343 1741 ita
363 1700 398 1742 se
418 1681 539 1754 bsbuit,
559 1680 701 1761 proiecto
729 1681 760 1742 in
781 1698 835 1755 eo,
857 1681 938 1761 quod
966 1681 1085 1741 Arctoa
1107 1682 1276 1743 otbnorciro

62 1764 94 1850 in
116 1784 206 1828 causa
219 1765 289 1839 fuit,
310 1771 365 1826 cur
377 1764 411 1826 P.
427 1765 603 1825 Damascum
617 1765 813 1845 relinqueret,
834 1764 909 1825 nihil
929 1765 1016 1841 inest,
1038 1785 1098 1846 quo
1119 1767 1164 1827 uti
1183 1767 1276 1828 liceat

63 1848 102 1911 sd
122 1855 242 1932 tempus
262 1849 355 1930 iuges
374 1850 455 1911 illius
477 1851 730 1911 constituendum.
751 1849 891 1915 Attamen
908 1848 1042 1911 fortasse
1062 1868 1102 1911 ex
1123 1870 1172 1925 eo,
1193 1851 1275 1932 quod

62 1930 173 1995 Iudaei
188 1935 286 2015 portis
307 1935 410 1995 armati
439 1934 635 2007 adstiterunt,
671 1935 737 1994 eius
767 1935 918 1994 retactas
938 1952 1000 1997 non
1021 1935 1087 1994 sine
1109 1936 1190 1997 omni
1210 1935 1276 1996 veri

61 2018 170 2099 specie
191 2023 322 2081 eruatur.
365 2016 487 2080 Etenim
517 2017 544 2079 si
563 2017 696 2092 omniuo,
717 2007 768 2076 ulti
790 2017 828 2077 de
857 2035 960 2093 anno,
986 2036 1045 2096 quo
1072 2016 1114 2085 Ρ.
1128 2018 1275 2089 Damasco
1316 2091 1319 2097 Ι
1440 2074 1441 2080 ,

61 2101 193 2182 fugerit,
213 2102 386 2183 quaeritur,
414 2101 599 2182 probabilius
621 2102 660 2162 de
681 2123 708 2163 a.
728 2101 780 2160 4⁰.
801 2099 851 2160 val
871 2100 942 2177 41.,
964 2120 1053 2180 quom
1074 2102 1114 2167 de
1135 2109 1275 2184 tempore

84 2187 167 2246 riore
193 2187 359 2266 cogitatur:
390 2187 530 2266 equidem
558 2186 685 2248 ludaeos
715 2184 918 2246 Damascencs
947 2186 997 2246 vix
1024 2192 1093 2247 aute
1114 2207 1141 2255 s.
1162 2186 1222 2249 41..
1236 2189 1275 2249 ad
1307 2214 1334 2241 κ

61 2206 187 2332 {sulum
210 2270 333 2352 prailius
359 2270 602 2351 persequendum
632 2291 667 2332 se
701 2270 868 2331 accinxisse
903 2271 1151 2335 existimaverim..
1196 2271 1273 2333 Nam

63 2355 304 2437 quumcsligula
323 2355 460 2435 inprimis
481 2336 619 2417 sbaenstno
639 2355 712 2416 lude
725 2355 776 2415 4o.
798 2354 925 2414 ludaeos
945 2351 1040 2434 magis
1060 2356 1093 2416 in
1114 2357 1180 2418 dies
1201 2357 1274 2418 odio

60 2438 206 2514 baberet,
233 2440 315 2521 quod
334 2439 394 2502 soli
414 2459 450 2501 se
469 2445 608 2521 tanquam
631 2439 720 2501 deum
741 2457 908 2520 agnoscere
927 2438 1063 2512 nollent,
1089 2440 1123 2500 bi
1143 2441 1180 2501 ab
1205 2441 1274 2502 etha

61 2524 138 2585 niuis
159 2525 248 2586 variis
279 2525 413 2599 iniuriis,
443 2524 475 2584 in
501 2525 567 2604 ipsa
593 2525 783 2605 potissimum
809 2523 919 2584 iudaea
946 2529 1037 2603 atque
1064 2524 1273 2601 Alexandriae,

62 2607 167 2668 allecti
188 2615 257 2670 sunt
273 2607 320 2690 a).
372 2609 439 2685 Qua
459 2609 580 2688 quidem
601 2613 702 2669 aetate
723 2628 822 2687 neque
843 2607 969 2668 ludaeos
990 2606 1168 2679 Damascum
1187 2610 1273 2671 inco-

61 2690 180 2766 lentes,
207 2693 315 2772 qnibus
347 2699 410 2754 tum
432 2712 520 2775 quam
541 2693 670 2765 maximo
689 2693 854 2754 cavendum
876 2697 957 2767 erat,
979 2708 1019 2751 ne
1041 2711 1128 2771 quarn
1150 2693 1220 2768 odii,
1240 2694 1272 2756 in
1326 2693 1330 2705 '

62 2795 124 2858 qno
146 2777 225 2858 apud
247 2777 328 2838 cives
350 2778 488 2838 ethnicos
509 2783 595 2839 erunt
610 2773 664 2861 t),
694 2776 868 2849 effundendi
889 2795 990 2836 ansam
1011 2775 1210 2856 praeberent,
1232 2777 1272 2838 de
1367 2788 1370 2793 “

59 2863 159 2943 portis
185 2857 359 2925 obsidendis
387 2863 556 2957 cogitasse,
590 2881 690 2945 neque
719 2861 925 2947 magistratum
954 2861 1010 2939 iis,
1045 2879 1121 2944 quos
1148 2860 1273 2924 &essai

127 3096 160 3214 q)
177 3096 424 3170 Fortasse-proptor
440 3098 531 3153 turbas
548 3099 612 3154 inda
629 3112 711 3169 omas,
731 3099 804 3172 quod
815 3099 905 3153 ludaei
917 3100 993 3154 Pauli
1009 3099 1146 3154 doctrinas
1162 3097 1271 3150 resisto·

65 3213 68 3218 .
149 3177 204 3217 aar.
246 3164 324 3220 Certa
348 3184 435 3237 nequa
456 3185 518 3219 unna
543 3187 605 3220 casu
630 3169 736 3221 ridetur
761 3169 908 3237 accidisse,
932 3180 962 3221 ut
976 3168 1090 3220 Paulum
1118 3184 1153 3218 ex
1168 3165 1272 3214 Arabio
1331 3217 1334 3222 .

127 3248 262 3284 aerenum
278 3236 393 3285 Arabum
414 3254 429 3288 a
460 3236 555 3289 narciae
581 3248 805 3307 persequereturq
840 3233 884 3290 cll.
902 3234 1132 3290 Sdakindiua
1150 3232 1181 3299 (l.
1198 3249 1220 3284 c.
1237 3232 1270 3296 11,

126 3317 157 3418 Ξ.
174 3303 263 3366 διὰ),
306 3302 487 3354 Wurnains
523 3305 574 3371 (in
600 3305 720 3373 Bengolii
744 3305 846 3356 Archiv
868 3315 918 3356 etc.
953 3303 1001 3368 IV,
1020 3308 1053 3366 1,
1078 3320 1105 3371 p.
1122 3304 1173 3365 38,
1200 3297 1272 3350 Tiib·

154 3368 258 3419 eitscblt
273 3368 294 3420 f.
310 3368 363 3421 Tb.
381 3375 455 3432 183³,
473 3376 498 3434 1,
515 3389 543 3439 p.
559 3371 631 3439 bi),
654 3373 710 3424 alii.
727 3400 761 3412 -
807 3369 930 3424 Ceterum
947 3381 1018 3434 sunt,
1036 3371 1083 3437 qui
1099 3365 1272 3420 etbnnrcbsnr

126 3430 191 3486 ideo
207 3435 292 3487 Paulo
308 3439 486 3490 succensuisse
505 3440 658 3506 coniicinnt,
676 3438 749 3509 qaod
765 3439 857 3490 ludsei
875 3456 935 3490 suun
951 3447 1078 3506 tanquam
1097 3435 1272 3484 Romanorum

129 3501 311 3568 speculatorem
335 3503 511 3586 detulissent..
549 3507 589 3557 its
605 3524 631 3558 v.
649 3524 674 3572 g.
696 3507 880 3559 Beronius
903 3501 978 3572 (ann.
996 3503 1031 3556 ad
1047 3520 1072 3556 s.
1089 3500 1226 3583 Caligulas
1245 3505 1269 3554 l.

126 3567 369 3705 ξΗΟΙιΧ)1’1,08·23,Θ
378 3573 675 3704 usseddztfflin'ffind
687 3570 1132 3710 &sfflbrnvsed'dn‘drfflnbtglbgst
1140 3586 1215 3706 ἱιῗιοιιι
1224 3567 1273 3687 (affl

101 3750 104 3759 .
126 3701 169 3757 St.
186 3703 273 3756 Poul's
289 3705 420 3776 Epiatlss,
446 3705 563 3758 Loudini
582 3708 658 3772 1702,
674 3713 700 3763 8.
715 3728 743 3779 p.
760 3713 830 3772 lou,
847 3718 915 3759 teste
933 3705 1072 3776 Rapio),
1102 3704 1271 3784 ilsynius

127 3768 175 3838 (ds
191 3771 264 3826 stlrn.
286 3773 333 3828 Ar.
349 3775 376 3837 1,
400 3777 424 3839 S.
446 3775 554 3842 xvi),
577 3773 746 3846 Msysass
761 3774 793 3843 (l.
809 3774 830 3826 l·
846 3794 874 3845 p.
891 3778 950 3827 827.
968 3776 1045 3841 not).
1064 3771 1123 3840 Qus
1141 3780 1273 3822 sententia

125 3836 243 3892 admissa
272 3840 417 3893 ethnarclra
438 3841 523 3893 Paulo
545 3853 667 3913 tempore
692 3841 759 3897 belli
786 3844 856 3894 inter
869 3842 980 3894 Arctum
1005 3851 1033 3893 nt
1053 3837 1188 3896 Herodem
1205 3836 1272 3905 gesti
1312 3854 1317 3864 ·

125 3904 234 3958 iusidias
258 3911 404 3976 struxisse,
420 3909 578 3963 Dnmascani
596 3926 659 3964 raro
681 3921 745 3963 tunc
767 3911 797 3962 in
816 3910 913 3963 Arabis
929 3919 1063 3981 potnststs
1078 3907 1158 3960 luisse
1175 3900 1273 3957 existi-

127 3973 219 4026 msndi
235 3988 341 4039 ossam
359 3976 434 4047 quod
452 3996 499 4030 cur
515 3997 531 4030 a
548 3980 660 4032 raritate
676 3977 793 4031 alienum
810 3977 969 4045 babeamus,
991 3976 1074 4029 modo
1090 3994 1123 4027 as
1146 3974 1271 4038 osuinans.

126 4040 153 4106 r)
170 4040 250 4114 Quod
272 4045 415 4097 ethnarclra
435 4064 490 4096 una
512 4065 569 4096 cum
590 4049 694 4098 Iudaeis
716 4046 829 4099 Paulum
847 4057 1002 4114 persecutus
1017 4055 1073 4104 est,
1102 4042 1112 4091 i
1149 4038 1272 4090 nonnulli

128 4109 173 4171 (ut
200 4112 327 4159 Basns
365 4112 450 4175 ius,
489 4114 598 4164 exarcit.
625 4124 717 4162 contra
746 4112 843 4162 Baton.
901 4115 999 4169 ,1⁶3„
1035 4115 1104 4157 testo
1132 4103 1270 4169 Walcbio,

125 4173 261 4227 Walcls
271 4175 280 4226 i
291 4192 327 4226 us
344 4192 410 4246 apae,
428 4177 532 4246 antiqq.
550 4179 686 4231 Damascc.
703 4179 728 4240 ς.
744 4176 856 4236 xviii,
907 4163 1051 4243 nysius}
1063 4170 1097 4223 ds
1113 4169 1184 4225 otbn.
1200 4170 1270 4222 Ars·

125 4237 699 4309 s·0‚11,sxn,nmlmiua,i1.
738 4248 811 4307 ot,
841 4237 1135 4311 Msyanus,l.all.
1151 4257 1180 4309 p.
1196 4237 1270 4303 827.)
1321 4248 1325 4257 ’

125 4308 164 4361 ita
183 4327 216 4361 ax
237 4309 327 4377 licant,
345 4321 376 4362 ut
392 4309 561 4362 eabnorebom
579 4313 663 4379 ipsum
684 4263 809 4361 iudaeum
821 4310 912 4377 [μίσει
933 4308 1117 4380 suspicantur-3
1134 4316 1272 4360 verumta-

126 4395 190 4429 men
235 4378 312 4432 rubas
328 4380 376 4431 aix
390 4377 555 4449 praefectum
571 4377 730 4430 ludaeorum
746 4378 827 4431 moris
842 4375 980 4428 addictum
996 4374 1118 4427 tulissent
1140 4373 1188 4442 (ci.
1202 4375 1271 4424 rios.

93 4500 95 4505 f
124 4438 193 4497 *Anu
209 4450 253 4510 16,
270 4453 297 4508 7,
314 4446 361 4512 d).
404 4448 498 4515 iusque
521 4447 620 4499 rectius
641 4444 720 4498 buius
737 4447 777 4499 rai
793 4460 872 4496 cause
889 4445 918 4494 in
935 4461 967 4497 eo
984 4443 1048 4515 poni
1065 4441 1181 4504 videtur,
1198 4436 1272 4523 quod

126 4513 262 4632 spnnqlips
277 4512 453 4634 ludecanum
470 4531 558 4631 sscuq,¹
570 4524 651 4632 solque
663 4510 880 4635 :drsbidosgosus
897 4522 984 4632 qnae·
1052 4511 1078 4580 a)
1096 4508 1138 4629 cll.
1155 4507 1271 4628 Pbrllpt-

123 4596 184 4714 ἷέῘ
191 4653 217 4702 a
233 4599 345 4718 ιῖἦῖ,
363 4599 433 4704 ro.oe
433 4599 479 4635 ¹⁸⁸⁸
496 4592 531 4719 ⁸1¹)
547 4590 688 4706 c⁶o⁰1⁸2¹ss⁰
688 4598 725 4705 'b'
740 4599 763 4704 l.
781 4597 960 4720 effi&
974 4589 1099 4650 'nm’
1143 4594 1189 4630 ⁰⁸'
1265 4611 1273 4627 ⁹
