2978 5168
134 243 178 307 or
304 238 391 308 em.
410 240 462 306 ιιι
502 242 557 306 nn
577 236 837 307 rnnrounm
857 237 1004 304 monn
1023 222 1182 319 nmen,

230 414 269 478 At
289 415 327 475 ab
347 416 405 476 boo
424 420 591 494 temporum
611 414 829 494 oompotstione
849 412 977 473 maxime
996 409 1239 471 Sebradem
1259 428 1348 471 reee-

137 499 198 576 dit,
224 501 335 580 qnippe
355 501 406 578 qui
426 517 485 559 uon
504 500 599 559 solum
620 508 690 578 post
710 498 776 558 Aet
798 498 857 571 19,
877 497 930 556 29.
960 514 1098 576 magnum
1119 494 1241 574 aliquod
1259 493 1350 556 Pauli

137 588 234 646 itera
254 584 335 644 Luca
356 584 516 655 omissum,
537 584 593 644 sed
614 591 646 643 et
665 582 881 661 profectionem
901 577 1026 661 Epheso
1045 581 1077 639 in
1098 579 1259 640 Graeeiem
1276 598 1351 641 aas·

138 677 255 750 eeptarn
291 667 377 748 (Aet
407 668 468 743 29,
493 663 614 750 1-8.)
645 666 738 727 multo
769 667 903 743 longius,
938 685 1024 744 quam
1055 664 1135 744 quod
1165 665 1254 725 nobie
1283 671 1350 724 ota·

136 755 278 815 tusendum
299 771 368 813 esse
388 752 556 826 videbatur,
583 760 701 830 tempus
722 751 905 830 complexam
926 768 1013 823 esee,
1042 756 1166 828 propter
1186 746 1347 809 nonuussoa

137 838 326 918 epistolarum
352 835 538 897 Paulinamm
559 835 641 896 loooa
662 835 832 896 arbitretur.
874 835 919 894 Ae
939 836 1066 913 primum
1087 833 1207 912 quidem
1226 834 1289 893 iter
1306 831 1348 891 11·

136 922 197 996 lud,
218 921 296 1001 qnod
316 923 408 981 rebus
428 941 446 980 a
466 919 546 981 Lnoa
566 919 668 981 relatis
688 919 932 999 interponendum
954 937 1023 978 esse
1042 926 1136 998 putat,
1156 918 1198 977 ita
1217 934 1260 977 ex
1279 917 1348 977 etus

136 1008 283 1068 sententia
304 1024 374 1066 sese
392 1005 492 1066 habet.
533 1004 642 1064 Paulus
662 1024 689 1063 a.
703 1003 773 1076 bb,
794 1003 952 1064 Timotheo
972 1001 1087 1080 Ephesi
1106 1001 1212 1062 relicto
1231 999 1348 1061 inbia-

136 1091 289 1152 oedooiem
310 1088 479 1169 proiectus,
505 1088 736 1150 'lhessalonioae
755 1088 933 1168 aliquamdiu
954 1095 1069 1160 manet,
1090 1085 1347 1166 presbyteroque

135 1177 167 1235 iu
188 1175 314 1235 eeclesia
335 1175 422 1234 huius
442 1175 524 1234 urbis
546 1174 713 1248 eonstituit3
737 1173 808 1233 hine
829 1171 1004 1232 corinthum
1025 1171 1103 1246 adit,
1123 1177 1193 1231 ante
1212 1170 1347 1245 himen

137 1259 258 1320 Cretam
279 1260 409 1338 navigat,
436 1259 536 1338 ibique
557 1277 624 1318 oum
644 1257 715 1317 Tito
735 1257 886 1318 doetrinae
907 1255 1093 1316 christianae
1118 1254 1253 1314 notitiam
1272 1271 1346 1335 pro·

134 1351 240 1424 pagan
261 1362 348 1422 quem
369 1362 458 1422 quum
478 1345 510 1403 in
529 1343 626 1403 insula
645 1341 826 1421 reiiqubset,
846 1347 960 1402 aestate
980 1361 1007 1400 a.
1020 1338 1070 1399 bh
1084 1341 1116 1399 in
1137 1337 1274 1398 citimam
1292 1356 1345 1399 ve·

136 1428 231 1502 hitur;
250 1428 292 1487 ibi
313 1427 384 1487 dnm
403 1427 541 1508 Nioopoli
560 1427 690 1487 hiemem
710 1426 860 1505 transigit,
881 1424 951 1486 Tito
971 1432 1003 1485 et
1022 1423 1180 1484 Timotheo
1200 1421 1346 1502 epistotae

137 1530 193 1591 per
203 1511 391 1593 Apollonium
412 1512 562 1572 etZenam
576 1511 685 1585 mittit,
705 1510 828 1585 deinde,
850 1510 945 1569 eooito
965 1508 1142 1579 incihoiam
1151 1505 1233 1582 Tito,
1254 1524 1345 1587 quum

135 1596 218 1656 torte
237 1603 270 1658 et
289 1595 437 1656 barnabae
458 1597 593 1670 adesset,
614 1615 681 1655 eum
701 1604 828 1674 utroque
847 1594 931 1654 initio
945 1613 972 1653 a.
985 1593 1037 1653 bd.
1057 1593 1214 1653 oeierrime
1233 1591 1345 1655 sneo-

137 1680 251 1761 solyma
271 1700 307 1741 ee
327 1680 458 1756 confert,
485 1680 565 1741 unde
585 1699 739 1753 reversus,
765 1687 797 1740 et
816 1677 991 1744 Antioohiae
1018 1677 1169 1757 prulieper
1192 1683 1344 1749 morene,

136 1782 193 1845 per
213 1765 358 1826 Galatiam
379 1774 438 1827 tarn
460 1783 589 1846 propere
610 1764 763 1843 Ephesum
787 1764 900 1836 tendit,
924 1769 960 1822 ut
979 1762 1059 1823 oiroa
1085 1760 1196 1841 pssebs
1220 1759 1268 1820 ibi
1291 1760 1345 1820 ad-

137 1851 249 1925 venian
270 1871 287 1911 a
309 1869 367 1930 quo
387 1850 458 1912 inde
477 1857 613 1929 tempore
633 1849 720 1909 Sohr.
741 1868 794 1923 ee,
824 1866 900 1927 quae
919 1845 988 1908 hot.
1008 1845 1066 1921 19,
1085 1845 1127 1906 21
1138 1864 1204 1927 sqq.
1230 1862 1345 1907 memo·

133 1942 247 2008 notor,
267 1943 352 2015 gesta
373 1954 442 1995 esse
463 1935 616 1995 ex’ntimot

218 2046 334 2131 Atque,
355 2059 388 2112 ut
408 2052 605 2125 demonstret,
621 2069 713 2133 posse
733 2053 791 2114 iter
812 2051 930 2133 aliquod
944 2052 1022 2113 inter
1035 2052 1101 2112 Aet.
1115 2049 1168 2125 19,
1180 2047 1231 2108 29.
1247 2052 1281 2109 et
1292 2046 1344 2108 21.
1383 2098 1387 2105 .

134 2137 298 2216 interponi,
319 2137 481 2197 sectionem
500 2154 606 2197 novem
626 2156 653 2196 s.
675 2136 727 2197 21.
747 2128 881 2198 inchoari
900 2145 1017 2210 monet,
1038 2136 1090 2196 nbi
1109 2135 1215 2196 verba:
1236 2123 1346 2208 ὡςδὲ

134 2210 320 2304 ἐπληρώθη
341 2220 446 2283 ταῦτα
467 2240 525 2281 non
546 2221 583 2281 ad
605 2241 641 2281 ea
661 2222 756 2282 solum
783 2222 941 2283 referenda
967 2223 1041 2297 sint,
1069 2238 1146 2300 quae
1171 2217 1263 2279 modo
1283 2224 1346 2278 tra·

134 2307 196 2367 dite
216 2306 337 2380 fuerint,
358 2305 412 2367 sed
433 2305 471 2367 ad
492 2307 601 2380 orme,
623 2325 702 2387 quoe
723 2305 775 2379 R,
797 2305 942 2386 pronde
953 2306 1060 2386 suerit
1079 2303 1249 2386 apostotus,
1272 2322 1346 2383 ege·

134 2390 189 2450 rit·
218 2389 285 2450 Hoe
306 2390 384 2450 enirn
405 2389 515 2450 Lucem
536 2391 647 2467 dioere,
667 2390 800 2468 Paulum,
821 2390 959 2452 doctrino
979 2390 1115 2451 solutori
1128 2407 1188 2468 per
1208 2395 1260 2448 tot
1280 2395 1345 2447 ter·

133 2493 188 2534 ras
203 2483 394 2556 propagato,
415 2470 445 2534 id
466 2475 584 2554 cepisse
605 2475 736 2549 consilii,
755 2483 805 2551 ut,
824 2483 982 2556 postquem
1002 2474 1220 2548 Macedonian,
1243 2472 1346 2533 deha-

133 2559 192 2621 nm
213 2564 245 2619 et
264 2559 471 2638 Hierosolyma
491 2560 673 2640 repetiisset,
693 2559 817 2621 Romam
837 2560 1079 2640 prodoiseeretur
1099 2557 1138 2618 sd
1158 2556 1346 2637 evangelium

134 2643 206 2705 alibi
227 2663 344 2724 quoqne
364 2643 621 2705 disseminandum.
664 2643 748 2706 Nihil
773 2645 864 2725 igitur
888 2645 1044 2706 verborum
1069 2645 1195 2705 istorum
1220 2658 1345 2703 sensum

134 2747 171 2791 eo
191 2726 314 2802 mutari,
340 2728 419 2809 quod
445 2733 515 2789 ante
540 2729 620 2789 huno
646 2748 764 2792 versum
790 2731 850 2791 iter
874 2729 992 2810 aliquod
1010 2728 1126 2808 longius
1146 2727 1345 2788 interseratur

134 2811 169 2896 (1.
190 2812 212 2873 1.
232 2833 264 2893 p.
282 2813 359 2893 sn).
400 2813 441 2875 At
461 2814 611 2879 enimvero
635 2822 737 2876 auctor
760 2814 885 2897 pontit,
912 2833 969 2875 nee
989 2813 1145 2896 potant,
1175 2809 1284 2875 ταῦτα
1303 2810 1347 2873 ad

133 2899 243 2970 morab,
264 2916 344 2978 quoe
358 2897 394 2959 P.
415 2906 571 2979 tonoquom
590 2899 748 2982 apostolus
768 2906 863 2961 anteo
874 2899 1004 2978 feeerit,
1024 2899 1186 2979 respioere,
1207 2914 1295 2975 quae,
1314 2894 1346 2957 si

133 2982 312 3063 permultum
336 2981 492 3063 largimur,
518 2985 633 3044 nonnisi
654 2983 810 3045 adomnia
831 3003 868 3044 es
888 2983 996 3045 referri
1022 3001 1113 3064 posse
1138 2980 1344 3058 consedimus,

134 3084 214 3149 quoe
233 3064 336 3126 moos
356 3065 513 3148 hueusque
537 3077 723 3128 narraverat
728 3090 744 3141 ,·
774 3087 842 3130 nam
862 3068 890 3129 si
909 3075 1011 3130 auctor
1031 3086 1068 3128 ea
1088 3066 1125 3127 ad
1146 3065 1203 3128 ulia
1223 3083 1345 3146 qnoque

133 3152 285 3232 pertinere
305 3149 461 3237 voluisset,
482 3170 540 3212 uon
554 3154 711 3232 potuisset,
731 3154 802 3232 quin
815 3151 944 3215 diceret:
963 3151 1068 3216 ταῦτα
1083 3146 1142 3233 καί
1153 3171 1228 3215 τινα
1241 3137 1343 3227 tuto,

132 3234 180 3298 vel
200 3236 343 3297 similiter.
385 3235 503 3297 Deinde
514 3235 585 3297 iilud
597 3236 715 3317 quidem
722 3243 847 3312 oonstot,
862 3237 1005 3317 quaedam
1015 3236 1219 3299 Pauliitinera
1231 3234 1343 3297 aLuoa

132 3339 201 3384 esse
210 3322 411 3402 omissoquue
419 3321 596 3383 ontminoris
607 3328 701 3397 erent,
714 3328 764 3387 aut
774 3341 812 3383 eo
822 3322 902 3385 fecta
910 3329 1055 3402 tempore,
1067 3341 1125 3402 qno
1135 3321 1186 3381 ilie
1194 3317 1345 3380 neel'auii

133 3424 232 3467 eomes
254 3411 332 3481 erat,
354 3415 386 3468 et
406 3423 524 3480 eorum,
545 3425 622 3485 quse
642 3413 705 3467 tum
723 3413 809 3487 gesta
829 3414 915 3483 sunt,
936 3413 987 3468 ent
1006 3406 1090 3484 nihil,
1110 3412 1161 3468 aut
1180 3422 1344 3488 perparum

132 3498 305 3569 acceperam
326 3490 381 3552 sed
401 3491 467 3570 quis
488 3491 608 3551 tandem
629 3490 805 3564 crediderit,
826 3512 911 3568 eum,
931 3491 1003 3556 lieet
1023 3498 1085 3553 tum
1106 3489 1249 3571 temporis
1271 3507 1343 3551 oum

131 3572 222 3634 Penio
243 3593 301 3634 non
324 3582 422 3650 esset,
444 3574 518 3636 nihil
538 3586 636 3636 tamen
658 3581 709 3638 aut
729 3577 928 3657 comperisse,
949 3583 1000 3638 eut
1019 3577 1170 3650 babuisse,
1190 3573 1272 3654 qnod
1292 3592 1342 3635 re-

131 3658 227 3720 ferret
246 3659 286 3720 de
307 3660 452 3721 eiusmodi
471 3661 592 3736 itinere,
613 3663 697 3723 enine
719 3667 816 3723 tentus
836 3661 944 3724 fuisset
964 3660 1107 3738 ombitns;
1128 3658 1207 3740 qnod
1227 3660 1260 3720 in
1273 3674 1344 3720 eam

131 3741 283 3804 incidisset
303 3752 448 3819 oetatem,
469 3764 506 3807 ex
527 3764 585 3845 (pue
604 3743 702 3806 Lueos
720 3761 782 3807 uon
803 3745 898 3807 solum
918 3745 1009 3807 muita
1031 3764 1143 3816 eorum,
1163 3762 1239 3825 qnae
1251 3749 1341 3824 geste

131 3834 216 3903 suut,
239 3828 293 3888 sed
314 3829 361 3888 vei
380 3830 447 3909 ipsa
465 3828 549 3890 Pauh
570 3830 691 3891 oonsilio
711 3826 791 3908 (Aet.
805 3830 857 3905 19,
871 3827 937 3913 21.)
958 3831 1074 3910 cognite
1093 3829 1237 3904 boberet3
1258 3826 1343 3908 qood

131 3929 190 3971 non
210 3911 305 3971 solum
326 3920 422 3973 terres
451 3910 589 3973 aLuoee
609 3914 760 3975 domicilio
787 3923 931 3989 remotos,
961 3915 1015 3976 sed
1036 3913 1242 3976 Macedoniarn
1264 3932 1342 3992 quo·

130 4015 189 4074 qne
209 3996 367 4075 tetigisset,
388 3998 439 4057 nbi
453 3995 564 4063 Lucam
584 4003 647 4057 tum
668 4003 817 4059 versatum
839 4017 917 4073 esse,
938 4016 1024 4078 quem
1044 4000 1171 4060 monime
1191 4002 1239 4058 est
1258 3998 1341 4058 veri-

130 4079 227 4141 simile
247 4076 329 4162 (A'et.
346 4080 398 4153 19,
420 4081 479 4142 12..
492 4080 540 4141 eil.
554 4079 606 4156 29,
619 4077 688 4164 9.)1
704 4119 742 4128 -
765 4081 827 4142 Sed
847 4082 884 4143 ad
905 4085 997 4163 ipses,
1018 4085 1124 4163 quibus
1145 4087 1248 4143 anetus
1268 4082 1341 4163 pro·

130 4165 202 4227 bere
222 4165 349 4243 studuit,
370 4184 474 4228 resero
493 4165 552 4228 hoo
572 4167 631 4231 iter
650 4172 821 4246 susceptum
840 4185 921 4244 esse,
941 4167 1070 4230 rationes
1091 4165 1275 4230 accedamus.

215 4300 294 4363 Ante
315 4304 419 4365 omnia-
431 4303 530 4383 igitur,
551 4309 585 4365 ut
603 4302 727 4364 Paulum
747 4301 871 4384 Epheso
892 4304 1058 4385 neglectum
1079 4303 1197 4383 aliquod
1217 4322 1236 4364 a
1255 4300 1340 4365 Luea
1385 4317 1388 4323 ’

129 4383 188 4445 iter
207 4385 239 4446 in
262 4386 471 4449 Macedonum
491 4389 594 4451 iniisse
613 4394 749 4468 putaret,
781 4388 855 4450 loeis
876 4389 1052 4468 quibusdam
1072 4390 1205 4470 priorum
1224 4385 1263 4448 ro
1280 4385 1340 4450 'li-

129 4469 279 4532 motheum
300 4470 451 4534 literarum
471 4473 630 4552 perductus
651 4479 708 4534 est
750 4471 829 4534 Esse
849 4473 990 4556 quasdem
1010 4475 1068 4536 hoo
1088 4475 1118 4535 in
1133 4470 1258 4555 epistola
1272 4472 1341 4533 :dit-

128 4553 276 4618 fleultstes
297 4554 474 4631 historicas,
495 4557 568 4619 satis
587 4562 719 4632 oonstut3
740 4577 816 4638 quoe
837 4578 927 4637 quum
948 4559 1133 4635 effecissent,
1156 4563 1267 4620 utnon
1288 4577 1340 4621 eo·

128 4637 190 4702 lum
218 4638 316 4702 variae
344 4640 552 4720 proferrentur
576 4642 616 4704 de
643 4648 797 4723 tempore,
828 4662 887 4726 quo
914 4640 966 4706 ilia
992 4644 1104 4726 scripta
1130 4644 1186 4720 sit,
1211 4648 1339 4709 senteu-
