<?xml version="1.0" encoding="UTF-8"?>
<!DOCTYPE html PUBLIC "-//W3C//DTD XHTML 1.0 Transitional//EN"
    "http://www.w3.org/TR/xhtml1/DTD/xhtml1-transitional.dtd">
<html xmlns="http://www.w3.org/1999/xhtml" xml:lang="en" lang="en">
 <head>
  <title>
</title>
<meta http-equiv="Content-Type" content="text/html;charset=utf-8" />
  <meta name='ocr-system' content='tesseract 3.04.00' />
  <meta name='ocr-capabilities' content='ocr_page ocr_carea ocr_par ocr_line ocrx_word'/>
</head>
<body>
  <div class='ocr_page' id='page_1' title='image "./detemporuminact00angegoog_0057.png"; bbox 0 0 2956 5168; ppageno 0'>
   <div class='ocr_carea' id='block_1_1' title="bbox 122 261 985 329">
    <p class='ocr_par' dir='ltr' id='par_1_1' title="bbox 122 261 985 329">
     <span class='ocr_line' id='line_1_1' title="bbox 122 261 985 329; baseline -0.005 0"><span class='ocrx_word' id='word_1_1' title='bbox 122 269 164 329; x_wconf 80' lang='grc'><strong>42</strong></span> <span class='ocrx_word' id='word_1_2' title='bbox 468 263 553 326; x_wconf 76' lang='lat' dir='ltr'><strong>cnr.</strong></span> <span class='ocrx_word' id='word_1_3' title='bbox 574 265 608 326; x_wconf 84' lang='grc' dir='ltr'><strong>ΙΙ</strong></span> <span class='ocrx_word' id='word_1_4' title='bbox 651 263 705 329; x_wconf 75' lang='grc' dir='ltr'><strong>ΒΕ</strong></span> <span class='ocrx_word' id='word_1_5' title='bbox 726 261 985 327; x_wconf 68' lang='lat' dir='ltr'>TEMPORIBUS</span> 
     </span>
    </p>
   </div>
   <div class='ocr_carea' id='block_1_2' title="bbox 123 432 1334 513">
    <p class='ocr_par' dir='ltr' id='par_1_2' title="bbox 123 432 1334 513">
     <span class='ocr_line' id='line_1_2' title="bbox 123 432 1334 513; baseline 0.003 -16"><span class='ocrx_word' id='word_1_6' title='bbox 123 438 218 498; x_wconf 76' lang='lat' dir='ltr'><strong>rmias</strong></span> <span class='ocrx_word' id='word_1_7' title='bbox 239 435 385 497; x_wconf 70' lang='lat' dir='ltr'><strong>eiusmodi</strong></span> <span class='ocrx_word' id='word_1_8' title='bbox 405 434 602 507; x_wconf 86' lang='lat' dir='ltr'><strong>calamitates,</strong></span> <span class='ocrx_word' id='word_1_9' title='bbox 632 451 705 513; x_wconf 87' lang='lat' dir='ltr'><strong>quas</strong></span> <span class='ocrx_word' id='word_1_10' title='bbox 725 432 942 508; x_wconf 72' lang='lat' dir='ltr'><strong>nacoliam,</strong></span> <span class='ocrx_word' id='word_1_11' title='bbox 964 451 1044 495; x_wconf 88' lang='lat' dir='ltr'><strong>uuoc</strong></span> <span class='ocrx_word' id='word_1_12' title='bbox 1064 436 1096 495; x_wconf 87' lang='lat' dir='ltr'><strong>tn</strong></span> <span class='ocrx_word' id='word_1_13' title='bbox 1115 435 1235 513; x_wconf 78' lang='lat' dir='ltr'><strong>Iudaea,</strong></span> <span class='ocrx_word' id='word_1_14' title='bbox 1255 457 1334 507; x_wconf 85' lang='lat' dir='ltr'><strong>uuuc</strong></span> 
     </span>
    </p>
   </div>
   <div class='ocr_carea' id='block_1_3' title="bbox 121 517 1335 2290">
    <p class='ocr_par' dir='ltr' id='par_1_3' title="bbox 123 517 1335 1193">
     <span class='ocr_line' id='line_1_3' title="bbox 124 517 1332 608; baseline 0.002 -24"><span class='ocrx_word' id='word_1_15' title='bbox 124 525 157 583; x_wconf 89' lang='lat' dir='ltr'><strong>in</strong></span> <span class='ocrx_word' id='word_1_16' title='bbox 175 522 319 608; x_wconf 71' lang='lat' dir='ltr'><strong>Graecia,</strong></span> <span class='ocrx_word' id='word_1_17' title='bbox 347 517 471 579; x_wconf 75' lang='lat' dir='ltr'><strong>Claudio</strong></span> <span class='ocrx_word' id='word_1_18' title='bbox 496 520 680 599; x_wconf 75' lang='lat' dir='ltr'>imperante,</span> <span class='ocrx_word' id='word_1_19' title='bbox 705 518 850 579; x_wconf 71' lang='lat' dir='ltr'><strong>metisse</strong></span> <span class='ocrx_word' id='word_1_20' title='bbox 867 517 1010 598; x_wconf 81' lang='lat' dir='ltr'><strong>legimur,</strong></span> <span class='ocrx_word' id='word_1_21' title='bbox 1040 523 1213 600; x_wconf 79' lang='lat' dir='ltr'><strong>respexisse</strong></span> <span class='ocrx_word' id='word_1_22' title='bbox 1234 525 1332 587; x_wconf 60' lang='lat' dir='ltr'><strong>couie«</strong></span> 
     </span>
     <span class='ocr_line' id='line_1_4' title="bbox 124 603 1332 682; baseline -0.001 -12"><span class='ocrx_word' id='word_1_23' title='bbox 124 614 239 669; x_wconf 78' lang='lat' dir='ltr'>cerunt.</span> <span class='ocrx_word' id='word_1_24' title='bbox 282 604 344 666; x_wconf 85' lang='lat' dir='ltr'><strong>Sed</strong></span> <span class='ocrx_word' id='word_1_25' title='bbox 363 609 397 665; x_wconf 87' lang='lat' dir='ltr'><strong>at</strong></span> <span class='ocrx_word' id='word_1_26' title='bbox 416 604 493 664; x_wconf 86' lang='lat' dir='ltr'><strong>latae</strong></span> <span class='ocrx_word' id='word_1_27' title='bbox 520 604 686 665; x_wconf 85' lang='lat' dir='ltr'><strong>sententiae</strong></span> <span class='ocrx_word' id='word_1_28' title='bbox 705 622 762 682; x_wconf 89' lang='lat' dir='ltr'><strong>per</strong></span> <span class='ocrx_word' id='word_1_29' title='bbox 776 621 809 663; x_wconf 88' lang='lat' dir='ltr'><strong>se</strong></span> <span class='ocrx_word' id='word_1_30' title='bbox 823 603 896 665; x_wconf 89' lang='lat' dir='ltr'><strong>satis</strong></span> <span class='ocrx_word' id='word_1_31' title='bbox 913 604 1007 665; x_wconf 87' lang='lat' dir='ltr'><strong>mirae</strong></span> <span class='ocrx_word' id='word_1_32' title='bbox 1027 610 1107 679; x_wconf 85' lang='lat' dir='ltr'><strong>suut,</strong></span> <span class='ocrx_word' id='word_1_33' title='bbox 1127 606 1170 667; x_wconf 88' lang='lat' dir='ltr'><strong>ita</strong></span> <span class='ocrx_word' id='word_1_34' title='bbox 1189 606 1332 682; x_wconf 78' lang='lat' dir='ltr'><strong>condii-</strong></span> 
     </span>
     <span class='ocr_line' id='line_1_5' title="bbox 123 678 1335 771; baseline -0.001 -17"><span class='ocrx_word' id='word_1_35' title='bbox 123 692 207 754; x_wconf 83' lang='lat' dir='ltr'><strong>iieile</strong></span> <span class='ocrx_word' id='word_1_36' title='bbox 233 697 281 752; x_wconf 87' lang='lat' dir='ltr'><strong>est</strong></span> <span class='ocrx_word' id='word_1_37' title='bbox 305 695 478 770; x_wconf 74' lang='lat' dir='ltr'><strong>perspectu,</strong></span> <span class='ocrx_word' id='word_1_38' title='bbox 505 689 603 749; x_wconf 79' lang='lat' dir='ltr'><strong>verbis</strong></span> <span class='ocrx_word' id='word_1_39' title='bbox 631 681 693 771; x_wconf 79' lang='grc' dir='ltr'><strong>ὅλη</strong></span> <span class='ocrx_word' id='word_1_40' title='bbox 721 679 742 771; x_wconf 80' lang='grc' dir='ltr'><em>ἡ</em></span> <span class='ocrx_word' id='word_1_41' title='bbox 773 680 948 771; x_wconf 71' lang='grc' dir='ltr'><strong><em>οἰκουμένη</em></strong></span> <span class='ocrx_word' id='word_1_42' title='bbox 975 689 1093 761; x_wconf 67' lang='grc' dir='ltr'><strong>ηοηηὲοἰ</strong></span> <span class='ocrx_word' id='word_1_43' title='bbox 1124 678 1335 753; x_wconf 69' lang='grc' dir='ltr'><strong>ΡαΙοεοιὶοοοη</strong></span> 
     </span>
     <span class='ocr_line' id='line_1_6' title="bbox 124 772 1333 854; baseline 0 -16"><span class='ocrx_word' id='word_1_44' title='bbox 124 777 262 851; x_wconf 70' lang='lat' dir='ltr'><strong>maican,</strong></span> <span class='ocrx_word' id='word_1_45' title='bbox 291 792 368 854; x_wconf 86' lang='lat' dir='ltr'><strong>quae</strong></span> <span class='ocrx_word' id='word_1_46' title='bbox 394 774 466 834; x_wconf 86' lang='lat' dir='ltr'><strong>alias</strong></span> <span class='ocrx_word' id='word_1_47' title='bbox 494 792 612 853; x_wconf 86' lang='lat' dir='ltr'><strong>quoque</strong></span> <span class='ocrx_word' id='word_1_48' title='bbox 641 773 874 852; x_wconf 72' lang='lat' dir='ltr'><strong>ascriptoribus</strong></span> <span class='ocrx_word' id='word_1_49' title='bbox 901 772 1027 833; x_wconf 79' lang='lat' dir='ltr'><strong>ludricis</strong></span> <span class='ocrx_word' id='word_1_50' title='bbox 1054 773 1112 835; x_wconf 79' lang='lat' dir='ltr'><strong>hoc</strong></span> <span class='ocrx_word' id='word_1_51' title='bbox 1137 777 1261 837; x_wconf 88' lang='lat' dir='ltr'><strong>uomina</strong></span> <span class='ocrx_word' id='word_1_52' title='bbox 1287 779 1333 839; x_wconf 90' lang='lat' dir='ltr'><strong>iu·</strong></span> 
     </span>
     <span class='ocr_line' id='line_1_7' title="bbox 124 855 1334 941; baseline 0.002 -20"><span class='ocrx_word' id='word_1_53' title='bbox 124 862 249 940; x_wconf 77' lang='lat' dir='ltr'><strong>signitur</strong></span> <span class='ocrx_word' id='word_1_54' title='bbox 256 857 301 941; x_wconf 63' lang='grc' dir='ltr'><strong>ε),</strong></span> <span class='ocrx_word' id='word_1_55' title='bbox 328 877 427 936; x_wconf 90' lang='lat' dir='ltr'><strong>neque</strong></span> <span class='ocrx_word' id='word_1_56' title='bbox 453 857 531 919; x_wconf 92' lang='lat' dir='ltr'><strong>euim</strong></span> <span class='ocrx_word' id='word_1_57' title='bbox 552 857 621 932; x_wconf 79' lang='lat' dir='ltr'><strong>alio,</strong></span> <span class='ocrx_word' id='word_1_58' title='bbox 642 858 700 918; x_wconf 85' lang='lat' dir='ltr'><strong>uisi</strong></span> <span class='ocrx_word' id='word_1_59' title='bbox 719 857 749 917; x_wconf 90' lang='lat' dir='ltr'><strong>iu</strong></span> <span class='ocrx_word' id='word_1_60' title='bbox 770 855 926 931; x_wconf 82' lang='lat' dir='ltr'><strong>Iudaeam,</strong></span> <span class='ocrx_word' id='word_1_61' title='bbox 948 858 1056 936; x_wconf 87' lang='lat' dir='ltr'><strong>stipem</strong></span> <span class='ocrx_word' id='word_1_62' title='bbox 1077 860 1115 921; x_wconf 86' lang='lat' dir='ltr'><strong>ab</strong></span> <span class='ocrx_word' id='word_1_63' title='bbox 1135 859 1334 923; x_wconf 77' lang='lat' dir='ltr'><strong>Antiochcuis</strong></span> 
     </span>
     <span class='ocr_line' id='line_1_8' title="bbox 123 937 1334 1023; baseline 0 -16"><span class='ocrx_word' id='word_1_64' title='bbox 123 948 244 1007; x_wconf 88' lang='lat' dir='ltr'><strong>missam</strong></span> <span class='ocrx_word' id='word_1_65' title='bbox 271 937 541 1023; x_wconf 63' lang='lat' dir='ltr'><strong>conlegiorum),</strong></span> <span class='ocrx_word' id='word_1_66' title='bbox 569 961 743 1022; x_wconf 88' lang='lat' dir='ltr'><strong>quamquam</strong></span> <span class='ocrx_word' id='word_1_67' title='bbox 764 941 814 1002; x_wconf 90' lang='lat' dir='ltr'><strong>illa</strong></span> <span class='ocrx_word' id='word_1_68' title='bbox 835 947 933 1003; x_wconf 88' lang='lat' dir='ltr'><strong>aetate</strong></span> <span class='ocrx_word' id='word_1_69' title='bbox 954 943 1025 1004; x_wconf 86' lang='lat' dir='ltr'><strong>alibi</strong></span> <span class='ocrx_word' id='word_1_70' title='bbox 1045 963 1163 1023; x_wconf 87' lang='lat' dir='ltr'><strong>quoque</strong></span> <span class='ocrx_word' id='word_1_71' title='bbox 1185 944 1334 1009; x_wconf 81' lang='lat' dir='ltr'><strong>Christia-</strong></span> 
     </span>
     <span class='ocr_line' id='line_1_9' title="bbox 123 1026 1333 1110; baseline 0.002 -20"><span class='ocrx_word' id='word_1_72' title='bbox 123 1049 178 1091; x_wconf 88' lang='lat' dir='ltr'><strong>ncs</strong></span> <span class='ocrx_word' id='word_1_73' title='bbox 199 1030 296 1090; x_wconf 79' lang='lat' dir='ltr'><strong>tuisse</strong></span> <span class='ocrx_word' id='word_1_74' title='bbox 316 1033 554 1105; x_wconf 72' lang='lat' dir='ltr'><strong>curantesque</strong></span> <span class='ocrx_word' id='word_1_75' title='bbox 573 1026 823 1089; x_wconf 82' lang='lat' dir='ltr'><strong>Antiocheuorum</strong></span> <span class='ocrx_word' id='word_1_76' title='bbox 845 1045 919 1106; x_wconf 74' lang='lat' dir='ltr'><strong>cpe,</strong></span> <span class='ocrx_word' id='word_1_77' title='bbox 941 1029 968 1087; x_wconf 85' lang='lat' dir='ltr'><strong>si</strong></span> <span class='ocrx_word' id='word_1_78' title='bbox 989 1048 1047 1107; x_wconf 86' lang='lat' dir='ltr'><strong>oua</strong></span> <span class='ocrx_word' id='word_1_79' title='bbox 1061 1047 1114 1091; x_wconf 87' lang='lat' dir='ltr'><strong>eos</strong></span> <span class='ocrx_word' id='word_1_80' title='bbox 1127 1029 1227 1091; x_wconf 79' lang='lat' dir='ltr'><strong>ranas</strong></span> <span class='ocrx_word' id='word_1_81' title='bbox 1247 1050 1333 1110; x_wconf 90' lang='lat' dir='ltr'><strong>pres·</strong></span> 
     </span>
     <span class='ocr_line' id='line_1_10' title="bbox 123 1109 473 1193; baseline -0.017 -17"><span class='ocrx_word' id='word_1_82' title='bbox 123 1117 230 1189; x_wconf 81' lang='lat' dir='ltr'><strong>sisset,</strong></span> <span class='ocrx_word' id='word_1_83' title='bbox 257 1113 424 1190; x_wconf 82' lang='lat' dir='ltr'><strong>indigentes</strong></span> <span class='ocrx_word' id='word_1_84' title='bbox 432 1109 473 1193; x_wconf 86' lang='lat' dir='ltr'><strong>v).</strong></span> 
     </span>
    </p>

    <p class='ocr_par' dir='ltr' id='par_1_4' title="bbox 121 1194 1335 1785">
     <span class='ocr_line' id='line_1_11' title="bbox 219 1194 1334 1276; baseline 0.003 -20"><span class='ocrx_word' id='word_1_85' title='bbox 219 1196 339 1272; x_wconf 75' lang='lat' dir='ltr'><strong>Quotar</strong></span> <span class='ocrx_word' id='word_1_86' title='bbox 365 1204 463 1257; x_wconf 86' lang='lat' dir='ltr'><strong>autern</strong></span> <span class='ocrx_word' id='word_1_87' title='bbox 491 1194 614 1256; x_wconf 78' lang='lat' dir='ltr'><strong>claudio</strong></span> <span class='ocrx_word' id='word_1_88' title='bbox 639 1197 818 1276; x_wconf 70' lang='lat' dir='ltr'><strong>imperatore</strong></span> <span class='ocrx_word' id='word_1_89' title='bbox 844 1214 976 1257; x_wconf 79' lang='lat' dir='ltr'><strong>eunome</strong></span> <span class='ocrx_word' id='word_1_90' title='bbox 1005 1195 1165 1259; x_wconf 83' lang='lat' dir='ltr'><strong>difficultas</strong></span> <span class='ocrx_word' id='word_1_91' title='bbox 1193 1198 1246 1259; x_wconf 84' lang='lat' dir='ltr'><strong>lric</strong></span> <span class='ocrx_word' id='word_1_92' title='bbox 1272 1200 1334 1267; x_wconf 83' lang='lat' dir='ltr'><strong>iilic</strong></span> 
     </span>
     <span class='ocr_line' id='line_1_12' title="bbox 121 1279 1332 1361; baseline -0.002 -17"><span class='ocrx_word' id='word_1_93' title='bbox 121 1285 221 1345; x_wconf 81' lang='lat' dir='ltr'><strong>fuisse</strong></span> <span class='ocrx_word' id='word_1_94' title='bbox 241 1281 385 1342; x_wconf 87' lang='lat' dir='ltr'><strong>traditur:</strong></span> <span class='ocrx_word' id='word_1_95' title='bbox 408 1281 543 1361; x_wconf 74' lang='lat' dir='ltr'><strong>primum</strong></span> <span class='ocrx_word' id='word_1_96' title='bbox 563 1280 694 1355; x_wconf 79' lang='lat' dir='ltr'><strong>Rornae,</strong></span> <span class='ocrx_word' id='word_1_97' title='bbox 715 1280 809 1342; x_wconf 88' lang='lat' dir='ltr'><strong>tribus</strong></span> <span class='ocrx_word' id='word_1_98' title='bbox 824 1281 970 1358; x_wconf 73' lang='lat' dir='ltr'>prioribus</span> <span class='ocrx_word' id='word_1_99' title='bbox 986 1279 1102 1341; x_wconf 81' lang='lat' dir='ltr'><strong>Claudii</strong></span> <span class='ocrx_word' id='word_1_100' title='bbox 1123 1284 1207 1343; x_wconf 87' lang='lat' dir='ltr'><strong>aunis</strong></span> <span class='ocrx_word' id='word_1_101' title='bbox 1230 1281 1332 1360; x_wconf 86' lang='grc'><strong>(41-</strong></span> 
     </span>
     <span class='ocr_line' id='line_1_13' title="bbox 123 1363 1333 1450; baseline 0.002 -22"><span class='ocrx_word' id='word_1_102' title='bbox 123 1365 192 1450; x_wconf 76' lang='grc'><strong>43.)</strong></span> <span class='ocrx_word' id='word_1_103' title='bbox 206 1363 258 1450; x_wconf 63' lang='grc' dir='ltr'><strong>κ),</strong></span> <span class='ocrx_word' id='word_1_104' title='bbox 279 1363 389 1426; x_wconf 56' lang='lat' dir='ltr'><strong>wude</strong></span> <span class='ocrx_word' id='word_1_105' title='bbox 408 1367 439 1425; x_wconf 90' lang='lat' dir='ltr'><strong>iu</strong></span> <span class='ocrx_word' id='word_1_106' title='bbox 461 1364 593 1438; x_wconf 85' lang='lat' dir='ltr'><strong>Iudaeo,</strong></span> <span class='ocrx_word' id='word_1_107' title='bbox 623 1364 734 1446; x_wconf 80' lang='lat' dir='ltr'><strong>Cuspio</strong></span> <span class='ocrx_word' id='word_1_108' title='bbox 754 1364 837 1425; x_wconf 85' lang='lat' dir='ltr'><strong>Fado</strong></span> <span class='ocrx_word' id='word_1_109' title='bbox 859 1371 891 1425; x_wconf 87' lang='lat' dir='ltr'><strong>et</strong></span> <span class='ocrx_word' id='word_1_110' title='bbox 910 1363 979 1424; x_wconf 83' lang='lat' dir='ltr'><strong>Tib.</strong></span> <span class='ocrx_word' id='word_1_111' title='bbox 1000 1364 1169 1427; x_wconf 81' lang='lat' dir='ltr'><strong>Alexandro</strong></span> <span class='ocrx_word' id='word_1_112' title='bbox 1190 1387 1333 1448; x_wconf 88' lang='lat' dir='ltr'><strong>procura-</strong></span> 
     </span>
     <span class='ocr_line' id='line_1_14' title="bbox 124 1447 1335 1533; baseline 0 -20"><span class='ocrx_word' id='word_1_113' title='bbox 124 1449 294 1531; x_wconf 74' lang='lat' dir='ltr'><strong>toribust),</strong></span> <span class='ocrx_word' id='word_1_114' title='bbox 326 1449 396 1510; x_wconf 71' lang='lat' dir='ltr'><strong>toro</strong></span> <span class='ocrx_word' id='word_1_115' title='bbox 420 1451 451 1511; x_wconf 88' lang='lat' dir='ltr'><strong>iu</strong></span> <span class='ocrx_word' id='word_1_116' title='bbox 479 1450 622 1525; x_wconf 75' lang='grc' dir='ltr'><strong>θτοοοίο,</strong></span> <span class='ocrx_word' id='word_1_117' title='bbox 649 1467 726 1511; x_wconf 88' lang='lat' dir='ltr'><strong>anuo</strong></span> <span class='ocrx_word' id='word_1_118' title='bbox 755 1447 870 1510; x_wconf 81' lang='lat' dir='ltr'><strong>Claudii</strong></span> <span class='ocrx_word' id='word_1_119' title='bbox 898 1448 975 1511; x_wconf 89' lang='lat' dir='ltr'><strong>Vlll.</strong></span> <span class='ocrx_word' id='word_1_120' title='bbox 1004 1456 1056 1509; x_wconf 91' lang='lat' dir='ltr'><strong>aut</strong></span> <span class='ocrx_word' id='word_1_121' title='bbox 1075 1447 1180 1533; x_wconf 59' lang='lat' dir='ltr'><strong>ixa),</strong></span> <span class='ocrx_word' id='word_1_122' title='bbox 1213 1471 1251 1513; x_wconf 88' lang='lat' dir='ltr'><strong>ac</strong></span> <span class='ocrx_word' id='word_1_123' title='bbox 1270 1453 1335 1513; x_wconf 76' lang='lat' dir='ltr'><strong>Rc</strong></span> 
     </span>
     <span class='ocr_line' id='line_1_15' title="bbox 125 1529 1334 1616; baseline -0.001 -19"><span class='ocrx_word' id='word_1_124' title='bbox 125 1555 194 1597; x_wconf 85' lang='lat' dir='ltr'><strong>moe</strong></span> <span class='ocrx_word' id='word_1_125' title='bbox 216 1536 347 1614; x_wconf 79' lang='lat' dir='ltr'><strong>denique</strong></span> <span class='ocrx_word' id='word_1_126' title='bbox 372 1553 448 1594; x_wconf 86' lang='lat' dir='ltr'><strong>anuo</strong></span> <span class='ocrx_word' id='word_1_127' title='bbox 474 1535 606 1596; x_wconf 89' lang='lat' dir='ltr'><strong>eiusdem</strong></span> <span class='ocrx_word' id='word_1_128' title='bbox 628 1532 656 1595; x_wconf 84' lang='lat' dir='ltr'>X</span> <span class='ocrx_word' id='word_1_129' title='bbox 676 1540 727 1596; x_wconf 87' lang='lat' dir='ltr'><strong>aut</strong></span> <span class='ocrx_word' id='word_1_130' title='bbox 746 1529 838 1616; x_wconf 78' lang='lat' dir='ltr'><strong>xia).</strong></span> <span class='ocrx_word' id='word_1_131' title='bbox 880 1533 1040 1597; x_wconf 86' lang='lat' dir='ltr'><strong>Praeterea</strong></span> <span class='ocrx_word' id='word_1_132' title='bbox 1053 1533 1154 1595; x_wconf 90' lang='lat' dir='ltr'><strong>ludaei</strong></span> <span class='ocrx_word' id='word_1_133' title='bbox 1167 1555 1246 1597; x_wconf 87' lang='lat' dir='ltr'><strong>anuo</strong></span> <span class='ocrx_word' id='word_1_134' title='bbox 1260 1557 1334 1616; x_wconf 81' lang='lat' dir='ltr'><strong>qno·</strong></span> 
     </span>
     <span class='ocr_line' id='line_1_16' title="bbox 125 1618 1335 1785; baseline 0.002 -18"><span class='ocrx_word' id='word_1_135' title='bbox 125 1618 1335 1785; x_wconf 46' lang='lat' dir='ltr'><strong>urstisestricourt.tristatarum</strong></span> 
     </span>
    </p>

    <p class='ocr_par' dir='ltr' id='par_1_5' title="bbox 124 1748 1335 2290">
     <span class='ocr_line' id='line_1_17' title="bbox 212 1748 593 1779; baseline 0.003 -1"><span class='ocrx_word' id='word_1_136' title='bbox 212 1749 221 1778; x_wconf 76' lang='lat' dir='ltr'><strong>i</strong></span> <span class='ocrx_word' id='word_1_137' title='bbox 584 1748 593 1779; x_wconf 75' lang='lat' dir='ltr'><strong>i</strong></span> 
     </span>
     <span class='ocr_line' id='line_1_18' title="bbox 125 1787 1335 1866; baseline 0.002 -14"><span class='ocrx_word' id='word_1_138' title='bbox 125 1790 249 1852; x_wconf 79' lang='lat' dir='ltr'><strong>caritate</strong></span> <span class='ocrx_word' id='word_1_139' title='bbox 270 1789 307 1851; x_wconf 83' lang='lat' dir='ltr'><strong>ab</strong></span> <span class='ocrx_word' id='word_1_140' title='bbox 327 1796 408 1851; x_wconf 77' lang='lat' dir='ltr'><strong>crusti</strong></span> <span class='ocrx_word' id='word_1_141' title='bbox 424 1790 520 1849; x_wconf 88' lang='lat' dir='ltr'><strong>otioso</strong></span> <span class='ocrx_word' id='word_1_142' title='bbox 540 1789 664 1851; x_wconf 88' lang='lat' dir='ltr'><strong>oriunda</strong></span> <span class='ocrx_word' id='word_1_143' title='bbox 683 1787 834 1848; x_wconf 86' lang='lat' dir='ltr'><strong>laborasse</strong></span> <span class='ocrx_word' id='word_1_144' title='bbox 856 1806 929 1866; x_wconf 88' lang='lat' dir='ltr'><strong>opus</strong></span> <span class='ocrx_word' id='word_1_145' title='bbox 951 1794 1015 1862; x_wconf 78' lang='lat' dir='ltr'><strong>cst,</strong></span> <span class='ocrx_word' id='word_1_146' title='bbox 1036 1790 1120 1850; x_wconf 86' lang='lat' dir='ltr'><strong>anuis</strong></span> <span class='ocrx_word' id='word_1_147' title='bbox 1141 1788 1192 1849; x_wconf 88' lang='grc'><strong>41.</strong></span> <span class='ocrx_word' id='word_1_148' title='bbox 1215 1797 1248 1853; x_wconf 87' lang='lat' dir='ltr'><strong>et</strong></span> <span class='ocrx_word' id='word_1_149' title='bbox 1268 1791 1335 1866; x_wconf 69' lang='lat'><strong>483</strong></span> 
     </span>
     <span class='ocr_line' id='line_1_19' title="bbox 124 1871 1333 1952; baseline 0.001 -16"><span class='ocrx_word' id='word_1_150' title='bbox 124 1874 455 1952; x_wconf 77' lang='lat' dir='ltr'><strong>verumtameu‚i·qrria,</strong></span> <span class='ocrx_word' id='word_1_151' title='bbox 483 1874 511 1932; x_wconf 85' lang='lat' dir='ltr'><strong>ai</strong></span> <span class='ocrx_word' id='word_1_152' title='bbox 531 1873 597 1951; x_wconf 81' lang='lat' dir='ltr'><strong>quis</strong></span> <span class='ocrx_word' id='word_1_153' title='bbox 617 1871 762 1935; x_wconf 86' lang='lat' dir='ltr'><strong>eiusmodi</strong></span> <span class='ocrx_word' id='word_1_154' title='bbox 783 1878 917 1950; x_wconf 89' lang='lat' dir='ltr'><strong>tempore</strong></span> <span class='ocrx_word' id='word_1_155' title='bbox 938 1872 1074 1933; x_wconf 86' lang='lat' dir='ltr'><strong>Iudaeam</strong></span> <span class='ocrx_word' id='word_1_156' title='bbox 1095 1872 1175 1933; x_wconf 88' lang='lat' dir='ltr'><strong>fame</strong></span> <span class='ocrx_word' id='word_1_157' title='bbox 1196 1882 1333 1937; x_wconf 84' lang='lat' dir='ltr'><strong>vexatum</strong></span> 
     </span>
     <span class='ocr_line' id='line_1_20' title="bbox 124 1957 1333 2039; baseline -0.002 -19"><span class='ocrx_word' id='word_1_158' title='bbox 124 1960 164 2020; x_wconf 89' lang='lat' dir='ltr'><strong>iri</strong></span> <span class='ocrx_word' id='word_1_159' title='bbox 185 1959 404 2039; x_wconf 73' lang='lat' dir='ltr'>praedixisset,</span> <span class='ocrx_word' id='word_1_160' title='bbox 433 1957 608 2018; x_wconf 89' lang='lat' dir='ltr'><strong>ludaeorum</strong></span> <span class='ocrx_word' id='word_1_161' title='bbox 635 1976 722 2018; x_wconf 88' lang='lat' dir='ltr'><strong>nemo</strong></span> <span class='ocrx_word' id='word_1_162' title='bbox 749 1958 923 2016; x_wconf 77' lang='lat' dir='ltr'><strong><em>vaticinium</em></strong></span> <span class='ocrx_word' id='word_1_163' title='bbox 943 1957 1025 2017; x_wconf 91' lang='lat' dir='ltr'><strong>istud</strong></span> <span class='ocrx_word' id='word_1_164' title='bbox 1045 1958 1164 2036; x_wconf 84' lang='lat' dir='ltr'><strong>quidem</strong></span> <span class='ocrx_word' id='word_1_165' title='bbox 1186 1959 1333 2038; x_wconf 83' lang='lat' dir='ltr'><strong>appellas-</strong></span> 
     </span>
     <span class='ocr_line' id='line_1_21' title="bbox 125 2041 1333 2121; baseline 0 -19"><span class='ocrx_word' id='word_1_166' title='bbox 125 2048 188 2118; x_wconf 77' lang='lat' dir='ltr'><strong>set,</strong></span> <span class='ocrx_word' id='word_1_167' title='bbox 208 2048 313 2121; x_wconf 87' lang='lat' dir='ltr'><strong>utpote</strong></span> <span class='ocrx_word' id='word_1_168' title='bbox 341 2041 419 2120; x_wconf 89' lang='lat' dir='ltr'><strong>quod</strong></span> <span class='ocrx_word' id='word_1_169' title='bbox 440 2041 480 2100; x_wconf 89' lang='lat' dir='ltr'><strong>de</strong></span> <span class='ocrx_word' id='word_1_170' title='bbox 498 2059 533 2100; x_wconf 92' lang='lat' dir='ltr'><strong>re</strong></span> <span class='ocrx_word' id='word_1_171' title='bbox 547 2041 674 2120; x_wconf 76' lang='lat' dir='ltr'><strong>egisset,</strong></span> <span class='ocrx_word' id='word_1_172' title='bbox 696 2061 783 2120; x_wconf 82' lang='lat' dir='ltr'><strong>quarn</strong></span> <span class='ocrx_word' id='word_1_173' title='bbox 803 2041 934 2101; x_wconf 82' lang='lat' dir='ltr'><strong>suturam</strong></span> <span class='ocrx_word' id='word_1_174' title='bbox 956 2061 1025 2107; x_wconf 85' lang='lat' dir='ltr'><strong>ease</strong></span> <span class='ocrx_word' id='word_1_175' title='bbox 1045 2061 1132 2103; x_wconf 88' lang='lat' dir='ltr'><strong>uerno</strong></span> <span class='ocrx_word' id='word_1_176' title='bbox 1151 2042 1333 2121; x_wconf 75' lang='lat' dir='ltr'><strong>ignorasset:</strong></span> 
     </span>
     <span class='ocr_line' id='line_1_22' title="bbox 126 2125 1335 2208; baseline 0.002 -21"><span class='ocrx_word' id='word_1_177' title='bbox 126 2146 178 2201; x_wconf 70' lang='lat' dir='ltr'><strong>aa,</strong></span> <span class='ocrx_word' id='word_1_178' title='bbox 208 2126 247 2187; x_wconf 91' lang='lat' dir='ltr'><strong>de</strong></span> <span class='ocrx_word' id='word_1_179' title='bbox 268 2146 325 2205; x_wconf 88' lang='lat' dir='ltr'><strong>qua</strong></span> <span class='ocrx_word' id='word_1_180' title='bbox 344 2125 465 2204; x_wconf 79' lang='lat' dir='ltr'><strong>Agabus</strong></span> <span class='ocrx_word' id='word_1_181' title='bbox 494 2125 610 2186; x_wconf 86' lang='lat' dir='ltr'><strong>locutus</strong></span> <span class='ocrx_word' id='word_1_182' title='bbox 632 2132 696 2200; x_wconf 72' lang='lat' dir='ltr'><strong>est,</strong></span> <span class='ocrx_word' id='word_1_183' title='bbox 726 2125 821 2187; x_wconf 86' lang='lat' dir='ltr'><strong>fames</strong></span> <span class='ocrx_word' id='word_1_184' title='bbox 849 2145 908 2186; x_wconf 91' lang='lat' dir='ltr'><strong>nou</strong></span> <span class='ocrx_word' id='word_1_185' title='bbox 935 2132 1037 2205; x_wconf 81' lang='lat' dir='ltr'><strong>potest</strong></span> <span class='ocrx_word' id='word_1_186' title='bbox 1065 2145 1152 2202; x_wconf 78' lang='lat' dir='ltr'><strong>asse,</strong></span> <span class='ocrx_word' id='word_1_187' title='bbox 1180 2128 1239 2189; x_wconf 88' lang='lat' dir='ltr'><strong>uisi</strong></span> <span class='ocrx_word' id='word_1_188' title='bbox 1260 2148 1335 2208; x_wconf 80' lang='lat' dir='ltr'><strong>quae</strong></span> 
     </span>
     <span class='ocr_line' id='line_1_23' title="bbox 125 2209 886 2290; baseline -0.001 -20"><span class='ocrx_word' id='word_1_189' title='bbox 125 2210 209 2272; x_wconf 74' lang='lat' dir='ltr'><strong>Fato</strong></span> <span class='ocrx_word' id='word_1_190' title='bbox 229 2217 259 2271; x_wconf 88' lang='lat' dir='ltr'><strong>et</strong></span> <span class='ocrx_word' id='word_1_191' title='bbox 280 2209 448 2271; x_wconf 82' lang='lat' dir='ltr'><strong>Alexandro</strong></span> <span class='ocrx_word' id='word_1_192' title='bbox 470 2212 710 2290; x_wconf 79' lang='lat' dir='ltr'><strong>procuratoribus</strong></span> <span class='ocrx_word' id='word_1_193' title='bbox 738 2210 886 2290; x_wconf 75' lang='lat' dir='ltr'><strong>saevitae).</strong></span> 
     </span>
    </p>
   </div>
   <div class='ocr_carea' id='block_1_4' title="bbox 84 2457 1369 4766">
    <p class='ocr_par' dir='ltr' id='par_1_6' title="bbox 84 2457 1369 4290">
     <span class='ocr_line' id='line_1_24' title="bbox 193 2457 1334 2530; baseline 0.004 -19"><span class='ocrx_word' id='word_1_194' title='bbox 193 2460 250 2511; x_wconf 84' lang='lat' dir='ltr'><strong>lum</strong></span> <span class='ocrx_word' id='word_1_195' title='bbox 267 2460 419 2512; x_wconf 80' lang='lat' dir='ltr'><strong>iere-luisse</strong></span> <span class='ocrx_word' id='word_1_196' title='bbox 436 2461 543 2529; x_wconf 83' lang='lat' dir='ltr'><strong>imperii</strong></span> <span class='ocrx_word' id='word_1_197' title='bbox 561 2457 704 2514; x_wconf 88' lang='lat' dir='ltr'><strong>Claudiani</strong></span> <span class='ocrx_word' id='word_1_198' title='bbox 722 2479 835 2525; x_wconf 79' lang='lat' dir='ltr'><strong>annm,</strong></span> <span class='ocrx_word' id='word_1_199' title='bbox 854 2478 908 2530; x_wconf 89' lang='lat' dir='ltr'><strong>quo</strong></span> <span class='ocrx_word' id='word_1_200' title='bbox 925 2479 979 2519; x_wconf 84' lang='lat' dir='ltr'><strong>non</strong></span> <span class='ocrx_word' id='word_1_201' title='bbox 996 2461 1062 2514; x_wconf 88' lang='lat' dir='ltr'><strong>haec</strong></span> <span class='ocrx_word' id='word_1_202' title='bbox 1077 2461 1158 2529; x_wconf 71' lang='lat' dir='ltr'><strong>illave</strong></span> <span class='ocrx_word' id='word_1_203' title='bbox 1175 2472 1248 2514; x_wconf 87' lang='lat' dir='ltr'><strong>terra</strong></span> <span class='ocrx_word' id='word_1_204' title='bbox 1266 2464 1334 2515; x_wconf 81' lang='lat' dir='ltr'><strong>lame</strong></span> 
     </span>
     <span class='ocr_line' id='line_1_25' title="bbox 193 2526 1333 2601; baseline 0.007 -25"><span class='ocrx_word' id='word_1_205' title='bbox 193 2527 363 2601; x_wconf 68' lang='lat' dir='ltr'><strong>laboraverit.</strong></span> <span class='ocrx_word' id='word_1_206' title='bbox 439 2531 462 2591; x_wconf 85' lang='lat' dir='ltr'><strong>r)</strong></span> <span class='ocrx_word' id='word_1_207' title='bbox 480 2526 546 2582; x_wconf 91' lang='lat' dir='ltr'><strong>Ord.</strong></span> <span class='ocrx_word' id='word_1_208' title='bbox 563 2540 646 2599; x_wconf 86' lang='lat' dir='ltr'><strong>temp.</strong></span> <span class='ocrx_word' id='word_1_209' title='bbox 664 2548 692 2600; x_wconf 89' lang='lat' dir='ltr'><strong>p.</strong></span> <span class='ocrx_word' id='word_1_210' title='bbox 709 2532 769 2582; x_wconf 68' lang='lat'><strong>274.</strong></span> <span class='ocrx_word' id='word_1_211' title='bbox 803 2528 879 2579; x_wconf 81' lang='lat' dir='ltr'><strong>Dicit</strong></span> <span class='ocrx_word' id='word_1_212' title='bbox 897 2530 982 2596; x_wconf 83' lang='lat' dir='ltr'><strong>enim,</strong></span> <span class='ocrx_word' id='word_1_213' title='bbox 1010 2528 1130 2593; x_wconf 79' lang='lat' dir='ltr'><strong>annonae</strong></span> <span class='ocrx_word' id='word_1_214' title='bbox 1148 2527 1333 2597; x_wconf 83' lang='lat' dir='ltr'><strong>difficultatem</strong></span> 
     </span>
     <span class='ocr_line' id='line_1_26' title="bbox 195 2594 1334 2713; baseline 0.004 -68"><span class='ocrx_word' id='word_1_215' title='bbox 195 2615 264 2647; x_wconf 91' lang='lat' dir='ltr'><strong>anno</strong></span> <span class='ocrx_word' id='word_1_216' title='bbox 277 2594 425 2649; x_wconf 62' lang='lat' dir='ltr'><strong>claudite.</strong></span> <span class='ocrx_word' id='word_1_217' title='bbox 441 2597 541 2648; x_wconf 89' lang='lat' dir='ltr'><strong>Romae</strong></span> <span class='ocrx_word' id='word_1_218' title='bbox 559 2609 644 2647; x_wconf 89' lang='lat' dir='ltr'><strong>ortam</strong></span> <span class='ocrx_word' id='word_1_219' title='bbox 661 2598 756 2658; x_wconf 88' lang='lat' dir='ltr'><strong>serius,</strong></span> <span class='ocrx_word' id='word_1_220' title='bbox 774 2598 895 2713; x_wconf 83' lang='lat' dir='ltr'><strong>inprimis</strong></span> <span class='ocrx_word' id='word_1_221' title='bbox 913 2614 937 2648; x_wconf 86' lang='lat' dir='ltr'><strong>a.</strong></span> <span class='ocrx_word' id='word_1_222' title='bbox 952 2596 1031 2648; x_wconf 87' lang='lat' dir='ltr'><strong>huius</strong></span> <span class='ocrx_word' id='word_1_223' title='bbox 1049 2599 1216 2667; x_wconf 85' lang='lat' dir='ltr'><strong>imperatoris</strong></span> <span class='ocrx_word' id='word_1_224' title='bbox 1234 2603 1271 2663; x_wconf 85' lang='grc'><strong>4.,</strong></span> <span class='ocrx_word' id='word_1_225' title='bbox 1291 2617 1334 2651; x_wconf 84' lang='lat' dir='ltr'><strong>or-</strong></span> 
     </span>
     <span class='ocr_line' id='line_1_27' title="bbox 84 2663 1333 2734; baseline 0.003 -20"><span class='ocrx_word' id='word_1_226' title='bbox 84 2700 87 2707; x_wconf 81' lang='lat'><em>·</em></span> <span class='ocrx_word' id='word_1_227' title='bbox 194 2663 254 2715; x_wconf 89' lang='lat' dir='ltr'><strong>bem</strong></span> <span class='ocrx_word' id='word_1_228' title='bbox 273 2667 425 2734; x_wconf 78' lang='lat' dir='ltr'><strong>pervasisse.</strong></span> <span class='ocrx_word' id='word_1_229' title='bbox 493 2665 520 2732; x_wconf 90' lang='lat' dir='ltr'><strong>s)</strong></span> <span class='ocrx_word' id='word_1_230' title='bbox 538 2666 577 2713; x_wconf 90' lang='lat' dir='ltr'><strong>lta</strong></span> <span class='ocrx_word' id='word_1_231' title='bbox 593 2665 674 2719; x_wconf 92' lang='lat' dir='ltr'><strong>Luc.</strong></span> <span class='ocrx_word' id='word_1_232' title='bbox 693 2671 725 2729; x_wconf 79' lang='lat'><strong>2,</strong></span> <span class='ocrx_word' id='word_1_233' title='bbox 744 2670 784 2727; x_wconf 92' lang='grc'><strong>1.,</strong></span> <span class='ocrx_word' id='word_1_234' title='bbox 828 2663 1115 2729; x_wconf 75' lang='lat' dir='ltr'><strong>os.Ant.8,13‚4.‚</strong></span> <span class='ocrx_word' id='word_1_235' title='bbox 1140 2665 1189 2721; x_wconf 82' lang='lat' dir='ltr'><strong>ubi</strong></span> <span class='ocrx_word' id='word_1_236' title='bbox 1206 2665 1333 2718; x_wconf 76' lang='lat' dir='ltr'><strong>Achabus</strong></span> 
     </span>
     <span class='ocr_line' id='line_1_28' title="bbox 194 2729 1334 2814; baseline 0.003 -32"><span class='ocrx_word' id='word_1_237' title='bbox 194 2731 293 2782; x_wconf 85' lang='lat' dir='ltr'><strong>dicitnr</strong></span> <span class='ocrx_word' id='word_1_238' title='bbox 310 2734 488 2814; x_wconf 60' lang='grc' dir='ltr'><em>περιπέμψας</em></span> <span class='ocrx_word' id='word_1_239' title='bbox 503 2730 573 2784; x_wconf 77' lang='grc' dir='ltr'><strong>κατὰ</strong></span> <span class='ocrx_word' id='word_1_240' title='bbox 597 2732 722 2784; x_wconf 68' lang='grc' dir='ltr'><strong>πᾶσαιΙ</strong></span> <span class='ocrx_word' id='word_1_241' title='bbox 746 2731 811 2797; x_wconf 75' lang='grc' dir='ltr'><strong>τὴν</strong></span> <span class='ocrx_word' id='word_1_242' title='bbox 837 2733 1069 2800; x_wconf 74' lang='grc' dir='ltr'><strong><em>οἰκουμένην</em></strong></span> <span class='ocrx_word' id='word_1_243' title='bbox 1093 2729 1157 2791; x_wconf 77' lang='grc' dir='ltr'><strong><em>τοὺς</em></strong></span> <span class='ocrx_word' id='word_1_244' title='bbox 1174 2731 1334 2799; x_wconf 75' lang='grc' dir='ltr'><strong><em>ζητήσοντας</em></strong></span> 
     </span>
     <span class='ocr_line' id='line_1_29' title="bbox 194 2797 1333 2870; baseline 0.003 -19"><span class='ocrx_word' id='word_1_245' title='bbox 194 2797 242 2852; x_wconf 75' lang='grc' dir='ltr'><strong>τὸν</strong></span> <span class='ocrx_word' id='word_1_246' title='bbox 256 2815 403 2870; x_wconf 76' lang='grc' dir='ltr'><strong>προφητην</strong></span> <span class='ocrx_word' id='word_1_247' title='bbox 415 2797 519 2854; x_wconf 79' lang='grc' dir='ltr'><strong>Ἠλίαν.</strong></span> <span class='ocrx_word' id='word_1_248' title='bbox 585 2800 610 2865; x_wconf 79' lang='lat' dir='ltr'><strong>a)</strong></span> <span class='ocrx_word' id='word_1_249' title='bbox 627 2799 689 2851; x_wconf 81' lang='lat' dir='ltr'><strong>Act.</strong></span> <span class='ocrx_word' id='word_1_250' title='bbox 707 2805 749 2862; x_wconf 86' lang='lat'><strong>11,</strong></span> <span class='ocrx_word' id='word_1_251' title='bbox 765 2805 807 2852; x_wconf 78' lang='lat'><strong>29.</strong></span> <span class='ocrx_word' id='word_1_252' title='bbox 868 2800 898 2866; x_wconf 90' lang='lat' dir='ltr'><strong>v)</strong></span> <span class='ocrx_word' id='word_1_253' title='bbox 916 2799 1068 2859; x_wconf 80' lang='lat' dir='ltr'><strong>Sermonem</strong></span> <span class='ocrx_word' id='word_1_254' title='bbox 1087 2819 1142 2851; x_wconf 90' lang='lat' dir='ltr'><strong>non</strong></span> <span class='ocrx_word' id='word_1_255' title='bbox 1160 2818 1215 2852; x_wconf 82' lang='lat' dir='ltr'><strong>esse</strong></span> <span class='ocrx_word' id='word_1_256' title='bbox 1233 2804 1288 2853; x_wconf 80' lang='lat' dir='ltr'><strong>nisi</strong></span> <span class='ocrx_word' id='word_1_257' title='bbox 1302 2802 1333 2854; x_wconf 88' lang='lat' dir='ltr'><strong>ds</strong></span> 
     </span>
     <span class='ocr_line' id='line_1_30' title="bbox 194 2866 1333 2938; baseline 0.004 -22"><span class='ocrx_word' id='word_1_258' title='bbox 194 2866 274 2935; x_wconf 84' lang='lat' dir='ltr'><strong>farne,</strong></span> <span class='ocrx_word' id='word_1_259' title='bbox 293 2886 362 2936; x_wconf 87' lang='lat' dir='ltr'><strong>quae</strong></span> <span class='ocrx_word' id='word_1_260' title='bbox 379 2866 503 2917; x_wconf 85' lang='lat' dir='ltr'><strong>iudaeam</strong></span> <span class='ocrx_word' id='word_1_261' title='bbox 519 2868 654 2933; x_wconf 86' lang='lat' dir='ltr'><strong>invaserit,</strong></span> <span class='ocrx_word' id='word_1_262' title='bbox 672 2879 780 2938; x_wconf 88' lang='lat' dir='ltr'><strong>praeter</strong></span> <span class='ocrx_word' id='word_1_263' title='bbox 796 2866 863 2918; x_wconf 89' lang='lat' dir='ltr'><strong>alios</strong></span> <span class='ocrx_word' id='word_1_264' title='bbox 881 2866 1021 2936; x_wconf 85' lang='lat' dir='ltr'><strong>diligenter</strong></span> <span class='ocrx_word' id='word_1_265' title='bbox 1039 2870 1163 2938; x_wconf 79' lang='lat' dir='ltr'><strong>exposuit</strong></span> <span class='ocrx_word' id='word_1_266' title='bbox 1179 2868 1333 2920; x_wconf 80' lang='lat' dir='ltr'><strong>Lardaa-</strong></span> 
     </span>
     <span class='ocr_line' id='line_1_31' title="bbox 194 2934 1333 3004; baseline 0.005 -20"><span class='ocrx_word' id='word_1_267' title='bbox 194 2953 255 2984; x_wconf 86' lang='lat' dir='ltr'><strong>rus</strong></span> <span class='ocrx_word' id='word_1_268' title='bbox 273 2934 296 3002; x_wconf 91' lang='lat' dir='ltr'><strong>(l</strong></span> <span class='ocrx_word' id='word_1_269' title='bbox 324 2934 343 2986; x_wconf 94' lang='lat' dir='ltr'><strong>l.</strong></span> <span class='ocrx_word' id='word_1_270' title='bbox 361 2937 381 2996; x_wconf 93' lang='lat'><strong>1,</strong></span> <span class='ocrx_word' id='word_1_271' title='bbox 398 2955 425 3004; x_wconf 90' lang='lat' dir='ltr'><strong>p.</strong></span> <span class='ocrx_word' id='word_1_272' title='bbox 435 2934 601 2997; x_wconf 78' lang='lat' dir='ltr'><strong>tao-440.).</strong></span> <span class='ocrx_word' id='word_1_273' title='bbox 635 2936 669 3003; x_wconf 85' lang='lat' dir='ltr'><strong>x)</strong></span> <span class='ocrx_word' id='word_1_274' title='bbox 686 2937 765 2998; x_wconf 90' lang='lat' dir='ltr'><strong>Dio,</strong></span> <span class='ocrx_word' id='word_1_275' title='bbox 783 2939 827 2998; x_wconf 85' lang='lat'><strong>60,</strong></span> <span class='ocrx_word' id='word_1_276' title='bbox 846 2939 900 2998; x_wconf 88' lang='grc'><strong>11.,</strong></span> <span class='ocrx_word' id='word_1_277' title='bbox 918 2934 986 2986; x_wconf 90' lang='lat' dir='ltr'><strong>hanc</strong></span> <span class='ocrx_word' id='word_1_278' title='bbox 1003 2934 1101 2987; x_wconf 82' lang='lat' dir='ltr'><strong>famem</strong></span> <span class='ocrx_word' id='word_1_279' title='bbox 1120 2934 1237 2988; x_wconf 83' lang='lat' dir='ltr'><strong>Claudio</strong></span> <span class='ocrx_word' id='word_1_280' title='bbox 1255 2938 1289 2990; x_wconf 86' lang='grc' dir='ltr'><strong>ΙΙ.</strong></span> <span class='ocrx_word' id='word_1_281' title='bbox 1306 2935 1333 2990; x_wconf 84' lang='lat' dir='ltr'><strong>C.</strong></span> 
     </span>
     <span class='ocr_line' id='line_1_32' title="bbox 196 2999 1331 3070; baseline 0.001 -19"><span class='ocrx_word' id='word_1_282' title='bbox 196 2999 310 3052; x_wconf 82' lang='lat' dir='ltr'><strong>Caecina</strong></span> <span class='ocrx_word' id='word_1_283' title='bbox 328 3002 415 3069; x_wconf 87' lang='lat' dir='ltr'><strong>Largo</strong></span> <span class='ocrx_word' id='word_1_284' title='bbox 435 3000 526 3064; x_wconf 76' lang='lat' dir='ltr'><strong>Coss,</strong></span> <span class='ocrx_word' id='word_1_285' title='bbox 551 3004 570 3054; x_wconf 92' lang='lat' dir='ltr'><strong>i.</strong></span> <span class='ocrx_word' id='word_1_286' title='bbox 588 3021 611 3054; x_wconf 90' lang='lat' dir='ltr'><strong>e.</strong></span> <span class='ocrx_word' id='word_1_287' title='bbox 630 3021 701 3055; x_wconf 87' lang='lat' dir='ltr'><strong>anno</strong></span> <span class='ocrx_word' id='word_1_288' title='bbox 719 3001 826 3056; x_wconf 86' lang='lat' dir='ltr'><strong>Claudii</strong></span> <span class='ocrx_word' id='word_1_289' title='bbox 849 3000 979 3065; x_wconf 86' lang='lat' dir='ltr'><strong>secundo,</strong></span> <span class='ocrx_word' id='word_1_290' title='bbox 997 3015 1137 3070; x_wconf 79' lang='lat' dir='ltr'><strong>grassatam</strong></span> <span class='ocrx_word' id='word_1_291' title='bbox 1155 3020 1223 3068; x_wconf 85' lang='lat' dir='ltr'><strong>essa,</strong></span> <span class='ocrx_word' id='word_1_292' title='bbox 1241 3004 1331 3057; x_wconf 78' lang='lat' dir='ltr'><strong>refert.</strong></span> 
     </span>
     <span class='ocr_line' id='line_1_33' title="bbox 195 3067 1333 3140; baseline 0.004 -22"><span class='ocrx_word' id='word_1_293' title='bbox 195 3067 250 3118; x_wconf 79' lang='lat' dir='ltr'><strong>sed</strong></span> <span class='ocrx_word' id='word_1_294' title='bbox 268 3071 324 3119; x_wconf 90' lang='lat' dir='ltr'><strong>eius</strong></span> <span class='ocrx_word' id='word_1_295' title='bbox 340 3071 448 3119; x_wconf 88' lang='lat' dir='ltr'><strong>initium</strong></span> <span class='ocrx_word' id='word_1_296' title='bbox 465 3087 535 3120; x_wconf 88' lang='lat' dir='ltr'><strong>anno</strong></span> <span class='ocrx_word' id='word_1_297' title='bbox 552 3071 720 3140; x_wconf 86' lang='lat' dir='ltr'><strong>imperatoris</strong></span> <span class='ocrx_word' id='word_1_298' title='bbox 737 3071 824 3139; x_wconf 88' lang='lat' dir='ltr'><strong>primo</strong></span> <span class='ocrx_word' id='word_1_299' title='bbox 862 3069 994 3122; x_wconf 84' lang='lat' dir='ltr'><strong>nuendum</strong></span> <span class='ocrx_word' id='word_1_300' title='bbox 1014 3089 1085 3136; x_wconf 86' lang='lat' dir='ltr'><strong>esse,</strong></span> <span class='ocrx_word' id='word_1_301' title='bbox 1110 3073 1245 3139; x_wconf 82' lang='lat' dir='ltr'><strong>Pagina</strong></span> <span class='ocrx_word' id='word_1_302' title='bbox 1258 3075 1333 3138; x_wconf 88' lang='lat' dir='ltr'><strong>·(cri-</strong></span> 
     </span>
     <span class='ocr_line' id='line_1_34' title="bbox 195 3136 1333 3206; baseline 0.004 -19"><span class='ocrx_word' id='word_1_303' title='bbox 195 3136 248 3187; x_wconf 86' lang='lat' dir='ltr'><strong>tica</strong></span> <span class='ocrx_word' id='word_1_304' title='bbox 265 3137 294 3186; x_wconf 92' lang='lat' dir='ltr'><strong>in</strong></span> <span class='ocrx_word' id='word_1_305' title='bbox 313 3154 374 3188; x_wconf 91' lang='lat' dir='ltr'><strong>ann.</strong></span> <span class='ocrx_word' id='word_1_306' title='bbox 390 3138 510 3205; x_wconf 82' lang='lat' dir='ltr'><strong>Beronii,</strong></span> <span class='ocrx_word' id='word_1_307' title='bbox 528 3136 564 3188; x_wconf 90' lang='lat' dir='ltr'><strong>ad</strong></span> <span class='ocrx_word' id='word_1_308' title='bbox 580 3155 604 3191; x_wconf 89' lang='lat' dir='ltr'><strong>a.</strong></span> <span class='ocrx_word' id='word_1_309' title='bbox 622 3141 663 3190; x_wconf 74' lang='lat'><strong>42.</strong></span> <span class='ocrx_word' id='word_1_310' title='bbox 688 3142 712 3203; x_wconf 75' lang='lat' dir='ltr'><strong>S.</strong></span> <span class='ocrx_word' id='word_1_311' title='bbox 730 3138 818 3201; x_wconf 75' lang='lat' dir='ltr'><strong>vlt),</strong></span> <span class='ocrx_word' id='word_1_312' title='bbox 866 3140 1043 3205; x_wconf 87' lang='lat' dir='ltr'><strong>asnagius</strong></span> <span class='ocrx_word' id='word_1_313' title='bbox 1067 3140 1142 3206; x_wconf 84' lang='lat' dir='ltr'><strong>(anu.</strong></span> <span class='ocrx_word' id='word_1_314' title='bbox 1159 3137 1195 3189; x_wconf 88' lang='lat' dir='ltr'><strong>ad</strong></span> <span class='ocrx_word' id='word_1_315' title='bbox 1213 3144 1297 3206; x_wconf 47' lang='lat' dir='ltr'><strong>a.-42</strong></span> <span class='ocrx_word' id='word_1_316' title='bbox 1313 3143 1333 3204; x_wconf 66' lang='grc'><strong>9.</strong></span> 
     </span>
     <span class='ocr_line' id='line_1_35' title="bbox 195 3202 1334 3275; baseline 0.004 -21"><span class='ocrx_word' id='word_1_317' title='bbox 195 3204 264 3269; x_wconf 73' lang='lat' dir='ltr'><strong>Vt),</strong></span> <span class='ocrx_word' id='word_1_318' title='bbox 282 3202 496 3255; x_wconf 87' lang='lat' dir='ltr'><strong>Lardnerus</strong></span> <span class='ocrx_word' id='word_1_319' title='bbox 514 3205 546 3271; x_wconf 92' lang='grc' dir='ltr'><strong>(Ι.</strong></span> <span class='ocrx_word' id='word_1_320' title='bbox 562 3204 580 3258; x_wconf 86' lang='lat' dir='ltr'><strong>l.</strong></span> <span class='ocrx_word' id='word_1_321' title='bbox 597 3206 618 3270; x_wconf 91' lang='lat'><strong>1,</strong></span> <span class='ocrx_word' id='word_1_322' title='bbox 637 3209 734 3275; x_wconf 63' lang='lat' dir='ltr'><strong>poan.</strong></span> <span class='ocrx_word' id='word_1_323' title='bbox 752 3206 832 3272; x_wconf 78' lang='lat' dir='ltr'><strong>not),</strong></span> <span class='ocrx_word' id='word_1_324' title='bbox 849 3205 1066 3258; x_wconf 87' lang='lat' dir='ltr'><strong>Nonnenius</strong></span> <span class='ocrx_word' id='word_1_325' title='bbox 1084 3206 1116 3273; x_wconf 92' lang='grc' dir='ltr'><strong>(Ι.</strong></span> <span class='ocrx_word' id='word_1_326' title='bbox 1132 3207 1151 3260; x_wconf 92' lang='grc' dir='ltr'><strong>Ι.</strong></span> <span class='ocrx_word' id='word_1_327' title='bbox 1168 3225 1197 3275; x_wconf 91' lang='lat' dir='ltr'><strong>p.</strong></span> <span class='ocrx_word' id='word_1_328' title='bbox 1209 3207 1247 3272; x_wconf 81' lang='lat'><strong>6.)</strong></span> <span class='ocrx_word' id='word_1_329' title='bbox 1265 3219 1334 3260; x_wconf 87' lang='lat' dir='ltr'><strong>recte</strong></span> 
     </span>
     <span class='ocr_line' id='line_1_36' title="bbox 196 3271 1334 3344; baseline 0.003 -22"><span class='ocrx_word' id='word_1_330' title='bbox 196 3271 352 3325; x_wconf 84' lang='lat' dir='ltr'><strong>docuerunt</strong></span> <span class='ocrx_word' id='word_1_331' title='bbox 386 3272 488 3322; x_wconf 84' lang='lat' dir='ltr'><strong>Numus</strong></span> <span class='ocrx_word' id='word_1_332' title='bbox 507 3273 577 3322; x_wconf 87' lang='lat' dir='ltr'><strong>enirn</strong></span> <span class='ocrx_word' id='word_1_333' title='bbox 595 3283 682 3323; x_wconf 87' lang='lat' dir='ltr'><strong>exstat</strong></span> <span class='ocrx_word' id='word_1_334' title='bbox 698 3274 848 3336; x_wconf 88' lang='lat' dir='ltr'><strong>Romanus,</strong></span> <span class='ocrx_word' id='word_1_335' title='bbox 875 3273 926 3323; x_wconf 88' lang='lat' dir='ltr'><strong>hoc</strong></span> <span class='ocrx_word' id='word_1_336' title='bbox 948 3291 1017 3325; x_wconf 87' lang='lat' dir='ltr'><strong>anno</strong></span> <span class='ocrx_word' id='word_1_337' title='bbox 1036 3292 1130 3339; x_wconf 84' lang='lat' dir='ltr'><strong>susus,</strong></span> <span class='ocrx_word' id='word_1_338' title='bbox 1155 3275 1184 3324; x_wconf 90' lang='lat' dir='ltr'><strong>in</strong></span> <span class='ocrx_word' id='word_1_339' title='bbox 1203 3293 1260 3344; x_wconf 84' lang='lat' dir='ltr'><strong>quo</strong></span> <span class='ocrx_word' id='word_1_340' title='bbox 1277 3276 1334 3326; x_wconf 86' lang='lat' dir='ltr'><strong>fru-</strong></span> 
     </span>
     <span class='ocr_line' id='line_1_37' title="bbox 196 3338 1334 3420; baseline 0.003 -31"><span class='ocrx_word' id='word_1_341' title='bbox 196 3341 279 3390; x_wconf 87' lang='lat' dir='ltr'><strong>menti</strong></span> <span class='ocrx_word' id='word_1_342' title='bbox 297 3338 403 3391; x_wconf 87' lang='lat' dir='ltr'><strong>modius</strong></span> <span class='ocrx_word' id='word_1_343' title='bbox 421 3341 601 3420; x_wconf 82' lang='lat' dir='ltr'><strong>conspicitur,</strong></span> <span class='ocrx_word' id='word_1_344' title='bbox 620 3341 665 3408; x_wconf 90' lang='lat' dir='ltr'><strong>qui</strong></span> <span class='ocrx_word' id='word_1_345' title='bbox 684 3340 795 3410; x_wconf 88' lang='lat' dir='ltr'><strong>quidem</strong></span> <span class='ocrx_word' id='word_1_346' title='bbox 811 3351 903 3409; x_wconf 81' lang='lat' dir='ltr'><strong>typus,</strong></span> <span class='ocrx_word' id='word_1_347' title='bbox 925 3358 1014 3391; x_wconf 88' lang='lat' dir='ltr'><strong>curam</strong></span> <span class='ocrx_word' id='word_1_348' title='bbox 1031 3341 1065 3392; x_wconf 89' lang='lat' dir='ltr'><strong>de</strong></span> <span class='ocrx_word' id='word_1_349' title='bbox 1082 3361 1111 3393; x_wconf 89' lang='lat' dir='ltr'><strong>re</strong></span> <span class='ocrx_word' id='word_1_350' title='bbox 1128 3340 1304 3394; x_wconf 81' lang='lat' dir='ltr'><strong>frumentaria</strong></span> <span class='ocrx_word' id='word_1_351' title='bbox 1320 3361 1334 3392; x_wconf 97' lang='lat' dir='ltr'><strong>a</strong></span> 
     </span>
     <span class='ocr_line' id='line_1_38' title="bbox 121 3404 1336 3479; baseline 0.001 -20"><span class='ocrx_word' id='word_1_352' title='bbox 121 3431 125 3443; x_wconf 82' lang='lat'>=</span> <span class='ocrx_word' id='word_1_353' title='bbox 196 3404 309 3460; x_wconf 81' lang='lat' dir='ltr'><strong>Claudio</strong></span> <span class='ocrx_word' id='word_1_354' title='bbox 324 3406 471 3457; x_wconf 83' lang='lat' dir='ltr'><strong>adhibitam</strong></span> <span class='ocrx_word' id='word_1_355' title='bbox 484 3405 614 3459; x_wconf 76' lang='lat' dir='ltr'><strong>indicans.</strong></span> <span class='ocrx_word' id='word_1_356' title='bbox 631 3411 659 3456; x_wconf 91' lang='lat' dir='ltr'><strong>in</strong></span> <span class='ocrx_word' id='word_1_357' title='bbox 677 3411 763 3459; x_wconf 85' lang='lat' dir='ltr'><strong>nuruis</strong></span> <span class='ocrx_word' id='word_1_358' title='bbox 778 3426 886 3478; x_wconf 84' lang='lat' dir='ltr'><strong>quoque</strong></span> <span class='ocrx_word' id='word_1_359' title='bbox 904 3411 966 3458; x_wconf 91' lang='lat' dir='ltr'><strong>anni</strong></span> <span class='ocrx_word' id='word_1_360' title='bbox 984 3410 1118 3477; x_wconf 86' lang='lat' dir='ltr'><strong>sequentis</strong></span> <span class='ocrx_word' id='word_1_361' title='bbox 1136 3410 1274 3461; x_wconf 83' lang='lat' dir='ltr'><strong>iuvenitur</strong></span> <span class='ocrx_word' id='word_1_362' title='bbox 1290 3409 1336 3479; x_wconf 78' lang='lat' dir='ltr'><strong>(ci.</strong></span> 
     </span>
     <span class='ocr_line' id='line_1_39' title="bbox 142 3472 1336 3545; baseline 0.004 -22"><span class='ocrx_word' id='word_1_363' title='bbox 142 3496 144 3502; x_wconf 37' lang='lat'>⁸</span> <span class='ocrx_word' id='word_1_364' title='bbox 194 3472 398 3534; x_wconf 84' lang='lat' dir='ltr'><strong>Eckhalius,</strong></span> <span class='ocrx_word' id='word_1_365' title='bbox 418 3473 502 3526; x_wconf 86' lang='lat' dir='ltr'><strong>doctr.</strong></span> <span class='ocrx_word' id='word_1_366' title='bbox 519 3493 591 3527; x_wconf 90' lang='lat' dir='ltr'><strong>num.</strong></span> <span class='ocrx_word' id='word_1_367' title='bbox 607 3475 655 3538; x_wconf 83' lang='lat' dir='ltr'><strong>VI,</strong></span> <span class='ocrx_word' id='word_1_368' title='bbox 671 3495 698 3545; x_wconf 89' lang='lat' dir='ltr'><strong>p.</strong></span> <span class='ocrx_word' id='word_1_369' title='bbox 715 3476 845 3544; x_wconf 63' lang='lat' dir='ltr'><strong>rosso),</strong></span> <span class='ocrx_word' id='word_1_370' title='bbox 860 3492 914 3544; x_wconf 87' lang='lat' dir='ltr'><strong>quo</strong></span> <span class='ocrx_word' id='word_1_371' title='bbox 943 3495 1025 3528; x_wconf 87' lang='lat' dir='ltr'><strong>amem</strong></span> <span class='ocrx_word' id='word_1_372' title='bbox 1042 3478 1196 3545; x_wconf 74' lang='lat' dir='ltr'><strong>contigisse,</strong></span> <span class='ocrx_word' id='word_1_373' title='bbox 1215 3496 1230 3528; x_wconf 88' lang='lat' dir='ltr'><strong>a</strong></span> <span class='ocrx_word' id='word_1_374' title='bbox 1247 3477 1336 3529; x_wconf 83' lang='lat' dir='ltr'><strong>Dicas</strong></span> 
     </span>
     <span class='ocr_line' id='line_1_40' title="bbox 196 3539 1336 3613; baseline 0.004 -22"><span class='ocrx_word' id='word_1_375' title='bbox 196 3539 278 3591; x_wconf 85' lang='lat' dir='ltr'><strong>modo</strong></span> <span class='ocrx_word' id='word_1_376' title='bbox 297 3539 446 3593; x_wconf 83' lang='lat' dir='ltr'><strong>didicimus.</strong></span> <span class='ocrx_word' id='word_1_377' title='bbox 481 3541 611 3607; x_wconf 78' lang='lat' dir='ltr'><strong>Accedit,</strong></span> <span class='ocrx_word' id='word_1_378' title='bbox 637 3542 710 3612; x_wconf 87' lang='lat' dir='ltr'><strong>quod</strong></span> <span class='ocrx_word' id='word_1_379' title='bbox 727 3543 890 3594; x_wconf 83' lang='lat' dir='ltr'><strong>Aurelius</strong></span> <span class='ocrx_word' id='word_1_380' title='bbox 939 3547 1029 3596; x_wconf 89' lang='lat' dir='ltr'><strong>ictor</strong></span> <span class='ocrx_word' id='word_1_381' title='bbox 1046 3543 1135 3612; x_wconf 76' lang='lat' dir='ltr'><strong>(cres.</strong></span> <span class='ocrx_word' id='word_1_382' title='bbox 1153 3562 1177 3599; x_wconf 91' lang='lat' dir='ltr'><strong>c.</strong></span> <span class='ocrx_word' id='word_1_383' title='bbox 1193 3546 1234 3613; x_wconf 85' lang='lat'><strong>4.)</strong></span> <span class='ocrx_word' id='word_1_384' title='bbox 1252 3557 1336 3596; x_wconf 68' lang='lat' dir='ltr'><strong>onam</strong></span> 
     </span>
     <span class='ocr_line' id='line_1_41' title="bbox 164 3604 1336 3679; baseline 0.004 -20"><span class='ocrx_word' id='word_1_385' title='bbox 164 3636 167 3641; x_wconf 95' lang='lat'>·</span> <span class='ocrx_word' id='word_1_386' title='bbox 196 3607 248 3659; x_wconf 84' lang='lat' dir='ltr'><strong>sulr</strong></span> <span class='ocrx_word' id='word_1_387' title='bbox 258 3604 372 3660; x_wconf 84' lang='lat' dir='ltr'><strong>Claudio</strong></span> <span class='ocrx_word' id='word_1_388' title='bbox 391 3628 513 3662; x_wconf 83' lang='lat' dir='ltr'><strong>annonas</strong></span> <span class='ocrx_word' id='word_1_389' title='bbox 531 3612 668 3662; x_wconf 88' lang='lat' dir='ltr'><strong>caritatem</strong></span> <span class='ocrx_word' id='word_1_390' title='bbox 680 3629 695 3660; x_wconf 89' lang='lat' dir='ltr'><strong>a</strong></span> <span class='ocrx_word' id='word_1_391' title='bbox 709 3609 830 3679; x_wconf 83' lang='lat' dir='ltr'><strong>Caligula</strong></span> <span class='ocrx_word' id='word_1_392' title='bbox 848 3610 985 3664; x_wconf 88' lang='lat' dir='ltr'><strong>inductam</strong></span> <span class='ocrx_word' id='word_1_393' title='bbox 1003 3630 1059 3664; x_wconf 87' lang='lat' dir='ltr'><strong>esse</strong></span> <span class='ocrx_word' id='word_1_394' title='bbox 1077 3612 1152 3675; x_wconf 87' lang='lat' dir='ltr'><strong>dicit,</strong></span> <span class='ocrx_word' id='word_1_395' title='bbox 1170 3611 1266 3679; x_wconf 83' lang='lat' dir='ltr'><strong>„duim,</strong></span> <span class='ocrx_word' id='word_1_396' title='bbox 1286 3613 1336 3664; x_wconf 89' lang='lat' dir='ltr'><strong>ad-</strong></span> 
     </span>
     <span class='ocr_line' id='line_1_42' title="bbox 197 3676 1336 3751; baseline 0.004 -24"><span class='ocrx_word' id='word_1_397' title='bbox 197 3676 338 3728; x_wconf 68' lang='lat' dir='ltr'><strong>actis-toto</strong></span> <span class='ocrx_word' id='word_1_398' title='bbox 355 3677 421 3730; x_wconf 86' lang='lat' dir='ltr'><strong>orbe</strong></span> <span class='ocrx_word' id='word_1_399' title='bbox 436 3680 567 3746; x_wconf 80' lang='lat' dir='ltr'><strong>navigiis,</strong></span> <span class='ocrx_word' id='word_1_400' title='bbox 584 3681 705 3748; x_wconf 87' lang='lat' dir='ltr'><strong>pervium</strong></span> <span class='ocrx_word' id='word_1_401' title='bbox 721 3698 794 3731; x_wconf 84' lang='lat' dir='ltr'><strong>mare</strong></span> <span class='ocrx_word' id='word_1_402' title='bbox 812 3679 923 3732; x_wconf 83' lang='lat' dir='ltr'><strong>theatris</strong></span> <span class='ocrx_word' id='word_1_403' title='bbox 941 3679 1115 3748; x_wconf 75' lang='lat' dir='ltr'><strong>curribusque</strong></span> <span class='ocrx_word' id='word_1_404' title='bbox 1132 3679 1232 3743; x_wconf 78' lang='grc' dir='ltr'><strong>(Ιηηιηο</strong></span> <span class='ocrx_word' id='word_1_405' title='bbox 1250 3681 1336 3751; x_wconf 91' lang='lat' dir='ltr'><strong>publi-</strong></span> 
     </span>
     <span class='ocr_line' id='line_1_43' title="bbox 196 3741 1369 3817; baseline 0.004 -23"><span class='ocrx_word' id='word_1_406' title='bbox 196 3761 228 3795; x_wconf 89' lang='lat' dir='ltr'><strong>co</strong></span> <span class='ocrx_word' id='word_1_407' title='bbox 245 3741 351 3795; x_wconf 82' lang='lat' dir='ltr'><strong>afficere</strong></span> <span class='ocrx_word' id='word_1_408' title='bbox 366 3745 527 3799; x_wconf 84' lang='lat' dir='ltr'><strong>studuerit.“</strong></span> <span class='ocrx_word' id='word_1_409' title='bbox 560 3745 640 3799; x_wconf 80' lang='lat' dir='ltr'><strong>Anno</strong></span> <span class='ocrx_word' id='word_1_410' title='bbox 658 3746 774 3817; x_wconf 87' lang='lat' dir='ltr'><strong>denique</strong></span> <span class='ocrx_word' id='word_1_411' title='bbox 792 3744 898 3801; x_wconf 86' lang='lat' dir='ltr'><strong>Claudii</strong></span> <span class='ocrx_word' id='word_1_412' title='bbox 923 3749 1002 3801; x_wconf 86' lang='lat' dir='ltr'><strong>tertio</strong></span> <span class='ocrx_word' id='word_1_413' title='bbox 1026 3747 1123 3803; x_wconf 78' lang='lat' dir='ltr'><strong>iontem</strong></span> <span class='ocrx_word' id='word_1_414' title='bbox 1141 3748 1241 3801; x_wconf 81' lang='lat' dir='ltr'><strong>Romae</strong></span> <span class='ocrx_word' id='word_1_415' title='bbox 1265 3767 1337 3801; x_wconf 84' lang='lat' dir='ltr'><strong>non·</strong></span> <span class='ocrx_word' id='word_1_416' title='bbox 1366 3769 1369 3773; x_wconf 92' lang='lat'>·</span> 
     </span>
     <span class='ocr_line' id='line_1_44' title="bbox 112 3809 1339 3886; baseline 0.008 -27"><span class='ocrx_word' id='word_1_417' title='bbox 112 3854 115 3859; x_wconf 94' lang='lat'><em>.</em></span> <span class='ocrx_word' id='word_1_418' title='bbox 177 3809 384 3879; x_wconf 87' lang='lat' dir='ltr'><strong>-dumprorsus</strong></span> <span class='ocrx_word' id='word_1_419' title='bbox 403 3832 530 3877; x_wconf 63' lang='lat' dir='ltr'><strong>cenasse,</strong></span> <span class='ocrx_word' id='word_1_420' title='bbox 548 3817 623 3864; x_wconf 89' lang='lat' dir='ltr'><strong>numi</strong></span> <span class='ocrx_word' id='word_1_421' title='bbox 640 3814 820 3867; x_wconf 87' lang='lat' dir='ltr'><strong>demonstrant</strong></span> <span class='ocrx_word' id='word_1_422' title='bbox 836 3815 888 3866; x_wconf 87' lang='lat' dir='ltr'><strong>hoc</strong></span> <span class='ocrx_word' id='word_1_423' title='bbox 905 3833 974 3866; x_wconf 89' lang='lat' dir='ltr'><strong>anno</strong></span> <span class='ocrx_word' id='word_1_424' title='bbox 992 3817 1062 3880; x_wconf 85' lang='lat' dir='ltr'><strong>cusi,</strong></span> <span class='ocrx_word' id='word_1_425' title='bbox 1088 3814 1194 3879; x_wconf 87' lang='lat' dir='ltr'><strong>eadem,</strong></span> <span class='ocrx_word' id='word_1_426' title='bbox 1223 3834 1269 3881; x_wconf 89' lang='lat' dir='ltr'><strong>ac,</strong></span> <span class='ocrx_word' id='word_1_427' title='bbox 1294 3819 1339 3886; x_wconf 86' lang='lat' dir='ltr'><strong>qui</strong></span> 
     </span>
     <span class='ocr_line' id='line_1_45' title="bbox 196 3876 1339 3953; baseline 0.007 -25"><span class='ocrx_word' id='word_1_428' title='bbox 196 3876 277 3928; x_wconf 90' lang='lat' dir='ltr'><strong>modo</strong></span> <span class='ocrx_word' id='word_1_429' title='bbox 296 3876 422 3950; x_wconf 88' lang='lat' dir='ltr'><strong>descripti</strong></span> <span class='ocrx_word' id='word_1_430' title='bbox 440 3893 509 3944; x_wconf 85' lang='lat' dir='ltr'><strong>sunt,</strong></span> <span class='ocrx_word' id='word_1_431' title='bbox 528 3882 644 3948; x_wconf 84' lang='lat' dir='ltr'><strong>imagine</strong></span> <span class='ocrx_word' id='word_1_432' title='bbox 661 3884 780 3951; x_wconf 89' lang='lat' dir='ltr'><strong>insigniti</strong></span> <span class='ocrx_word' id='word_1_433' title='bbox 797 3881 844 3945; x_wconf 82' lang='lat' dir='ltr'><strong>(cf.</strong></span> <span class='ocrx_word' id='word_1_434' title='bbox 861 3882 1032 3935; x_wconf 63' lang='lat' dir='ltr'><strong>Eckhell.</strong></span> <span class='ocrx_word' id='word_1_435' title='bbox 1043 3883 1118 3948; x_wconf 76' lang='grc' dir='ltr'><strong>ΠΙ,</strong></span> <span class='ocrx_word' id='word_1_436' title='bbox 1136 3903 1163 3953; x_wconf 87' lang='lat' dir='ltr'><strong>p.</strong></span> <span class='ocrx_word' id='word_1_437' title='bbox 1180 3885 1264 3953; x_wconf 76' lang='grc'><strong>239.)</strong></span> <span class='ocrx_word' id='word_1_438' title='bbox 1310 3886 1339 3952; x_wconf 75' lang='lat' dir='ltr'><strong>y)</strong></span> 
     </span>
     <span class='ocr_line' id='line_1_46' title="bbox 198 3943 1339 4015; baseline 0.008 -20"><span class='ocrx_word' id='word_1_439' title='bbox 198 3948 265 3996; x_wconf 82' lang='lat' dir='ltr'><strong>Ios.</strong></span> <span class='ocrx_word' id='word_1_440' title='bbox 283 3943 349 3996; x_wconf 77' lang='lat' dir='ltr'><strong>Aut.</strong></span> <span class='ocrx_word' id='word_1_441' title='bbox 369 3952 417 4010; x_wconf 76' lang='lat'><strong>20,</strong></span> <span class='ocrx_word' id='word_1_442' title='bbox 434 3953 464 4012; x_wconf 78' lang='lat'><strong>5,</strong></span> <span class='ocrx_word' id='word_1_443' title='bbox 483 3954 507 4001; x_wconf 75' lang='lat'><strong>2.</strong></span> <span class='ocrx_word' id='word_1_444' title='bbox 584 3949 613 4015; x_wconf 79' lang='lat' dir='ltr'><strong>a)</strong></span> <span class='ocrx_word' id='word_1_445' title='bbox 630 3950 717 4001; x_wconf 86' lang='lat' dir='ltr'><strong>Huius</strong></span> <span class='ocrx_word' id='word_1_446' title='bbox 734 3950 811 4000; x_wconf 83' lang='lat' dir='ltr'><strong>famis</strong></span> <span class='ocrx_word' id='word_1_447' title='bbox 829 3952 951 4002; x_wconf 86' lang='lat' dir='ltr'><strong>notitiam</strong></span> <span class='ocrx_word' id='word_1_448' title='bbox 969 3950 1079 4002; x_wconf 86' lang='lat' dir='ltr'><strong>Eusebii</strong></span> <span class='ocrx_word' id='word_1_449' title='bbox 1096 3952 1192 4002; x_wconf 86' lang='lat' dir='ltr'><strong>canoni</strong></span> <span class='ocrx_word' id='word_1_450' title='bbox 1211 3951 1339 4004; x_wconf 90' lang='lat' dir='ltr'><strong>chronico</strong></span> 
     </span>
     <span class='ocr_line' id='line_1_47' title="bbox 197 4012 1340 4087; baseline 0.007 -25"><span class='ocrx_word' id='word_1_451' title='bbox 197 4012 344 4075; x_wconf 86' lang='lat' dir='ltr'><strong>debemus,</strong></span> <span class='ocrx_word' id='word_1_452' title='bbox 363 4017 437 4065; x_wconf 86' lang='lat' dir='ltr'><strong>cuius</strong></span> <span class='ocrx_word' id='word_1_453' title='bbox 454 4018 482 4065; x_wconf 91' lang='lat' dir='ltr'><strong>in</strong></span> <span class='ocrx_word' id='word_1_454' title='bbox 500 4017 621 4067; x_wconf 73' lang='lat' dir='ltr'><strong>versione</strong></span> <span class='ocrx_word' id='word_1_455' title='bbox 638 4018 787 4068; x_wconf 86' lang='lat' dir='ltr'><strong>armeniaca</strong></span> <span class='ocrx_word' id='word_1_456' title='bbox 804 4018 843 4087; x_wconf 90' lang='lat' dir='ltr'><strong>(p.</strong></span> <span class='ocrx_word' id='word_1_457' title='bbox 860 4023 918 4073; x_wconf 75' lang='lat'>271.</span> <span class='ocrx_word' id='word_1_458' title='bbox 938 4018 979 4073; x_wconf 80' lang='lat' dir='ltr'><strong>ad.</strong></span> <span class='ocrx_word' id='word_1_459' title='bbox 996 4017 1098 4085; x_wconf 80' lang='lat' dir='ltr'><strong>Auch.)</strong></span> <span class='ocrx_word' id='word_1_460' title='bbox 1117 4035 1200 4070; x_wconf 86' lang='lat' dir='ltr'><strong>annus</strong></span> <span class='ocrx_word' id='word_1_461' title='bbox 1219 4016 1340 4072; x_wconf 88' lang='lat' dir='ltr'><strong>Caesaris</strong></span> 
     </span>
     <span class='ocr_line' id='line_1_48' title="bbox 197 4081 1339 4155; baseline 0.005 -23"><span class='ocrx_word' id='word_1_462' title='bbox 197 4093 320 4145; x_wconf 88' lang='lat' dir='ltr'><strong>octavus,</strong></span> <span class='ocrx_word' id='word_1_463' title='bbox 339 4081 367 4130; x_wconf 89' lang='lat' dir='ltr'><strong>in</strong></span> <span class='ocrx_word' id='word_1_464' title='bbox 384 4084 505 4134; x_wconf 86' lang='lat' dir='ltr'><strong>versione</strong></span> <span class='ocrx_word' id='word_1_465' title='bbox 522 4083 731 4153; x_wconf 81' lang='lat' dir='ltr'><strong>Hieronymiana</strong></span> <span class='ocrx_word' id='word_1_466' title='bbox 750 4083 805 4150; x_wconf 89' lang='lat' dir='ltr'><strong>(ed.</strong></span> <span class='ocrx_word' id='word_1_467' title='bbox 822 4085 903 4137; x_wconf 88' lang='lat' dir='ltr'><strong>Basil.</strong></span> <span class='ocrx_word' id='word_1_468' title='bbox 919 4106 947 4155; x_wconf 89' lang='lat' dir='ltr'><strong>p.</strong></span> <span class='ocrx_word' id='word_1_469' title='bbox 964 4087 1062 4154; x_wconf 55' lang='lat' dir='ltr'>RD.)</span> <span class='ocrx_word' id='word_1_470' title='bbox 1080 4104 1164 4137; x_wconf 86' lang='lat' dir='ltr'><strong>annus</strong></span> <span class='ocrx_word' id='word_1_471' title='bbox 1180 4103 1270 4138; x_wconf 89' lang='lat' dir='ltr'><strong>nonus</strong></span> <span class='ocrx_word' id='word_1_472' title='bbox 1287 4087 1339 4138; x_wconf 91' lang='lat' dir='ltr'><strong>ad-</strong></span> 
     </span>
     <span class='ocr_line' id='line_1_49' title="bbox 196 4151 1341 4290; baseline 0.009 -24"><span class='ocrx_word' id='word_1_473' title='bbox 196 4151 410 4270; x_wconf 51' lang='lat' dir='ltr'><strong>aptet-0</strong></span> <span class='ocrx_word' id='word_1_474' title='bbox 444 4151 682 4274; x_wconf 56' lang='lat' dir='ltr'><strong>effloret·</strong></span> <span class='ocrx_word' id='word_1_475' title='bbox 701 4153 841 4270; x_wconf 48' lang='lat' dir='ltr'><strong>&#39;futu</strong></span> <span class='ocrx_word' id='word_1_476' title='bbox 856 4153 1051 4273; x_wconf 64' lang='lat' dir='ltr'><strong>uara</strong></span> <span class='ocrx_word' id='word_1_477' title='bbox 1069 4154 1248 4276; x_wconf 54' lang='lat' dir='ltr'><strong>esraa</strong></span> <span class='ocrx_word' id='word_1_478' title='bbox 1261 4153 1341 4290; x_wconf 66' lang='lat' dir='ltr'><strong>tri·</strong></span> 
     </span>
    </p>

    <p class='ocr_par' dir='ltr' id='par_1_7' title="bbox 122 4226 1343 4766">
     <span class='ocr_line' id='line_1_50' title="bbox 122 4234 1313 4277; baseline 0.008 -10"><span class='ocrx_word' id='word_1_479' title='bbox 122 4244 125 4249; x_wconf 95' lang='lat'>·</span> <span class='ocrx_word' id='word_1_480' title='bbox 216 4235 243 4268; x_wconf 85' lang='lat' dir='ltr'><strong>ro</strong></span> <span class='ocrx_word' id='word_1_481' title='bbox 288 4255 295 4268; x_wconf 91' lang='lat'><em>.</em></span> <span class='ocrx_word' id='word_1_482' title='bbox 349 4236 369 4270; x_wconf 91' lang='lat' dir='ltr'><strong>r.</strong></span> <span class='ocrx_word' id='word_1_483' title='bbox 411 4235 512 4269; x_wconf 88' lang='lat' dir='ltr'><strong>crneo</strong></span> <span class='ocrx_word' id='word_1_484' title='bbox 600 4238 616 4270; x_wconf 92' lang='grc' dir='ltr'><strong><em>ο</em></strong></span> <span class='ocrx_word' id='word_1_485' title='bbox 659 4237 783 4273; x_wconf 89' lang='lat' dir='ltr'><strong>oss.acc1</strong></span> <span class='ocrx_word' id='word_1_486' title='bbox 815 4239 853 4272; x_wconf 88' lang='lat' dir='ltr'><strong>sse</strong></span> <span class='ocrx_word' id='word_1_487' title='bbox 896 4240 940 4270; x_wconf 81' lang='lat' dir='ltr'><strong>aa</strong></span> <span class='ocrx_word' id='word_1_488' title='bbox 1034 4241 1060 4274; x_wconf 86' lang='lat' dir='ltr'><strong>n.</strong></span> <span class='ocrx_word' id='word_1_489' title='bbox 1120 4234 1121 4242; x_wconf 59' lang='lat'>¹</span> <span class='ocrx_word' id='word_1_490' title='bbox 1179 4241 1313 4277; x_wconf 87' lang='lat' dir='ltr'><strong>.c..</strong></span> 
     </span>
     <span class='ocr_line' id='line_1_51' title="bbox 197 4226 1340 4360; baseline 0.007 -26"><span class='ocrx_word' id='word_1_491' title='bbox 197 4302 296 4335; x_wconf 88' lang='lat' dir='ltr'><strong>annum</strong></span> <span class='ocrx_word' id='word_1_492' title='bbox 312 4288 350 4337; x_wconf 88' lang='lat' dir='ltr'><strong>X.</strong></span> <span class='ocrx_word' id='word_1_493' title='bbox 368 4285 540 4338; x_wconf 82' lang='lat' dir='ltr'><strong>Eusebius</strong></span> <span class='ocrx_word' id='word_1_494' title='bbox 577 4290 633 4339; x_wconf 90' lang='lat' dir='ltr'><strong>onit</strong></span> <span class='ocrx_word' id='word_1_495' title='bbox 650 4290 722 4354; x_wconf 89' lang='lat' dir='ltr'><strong>(can.</strong></span> <span class='ocrx_word' id='word_1_496' title='bbox 740 4288 830 4341; x_wconf 86' lang='lat' dir='ltr'><strong>chron.</strong></span> <span class='ocrx_word' id='word_1_497' title='bbox 846 4288 889 4342; x_wconf 87' lang='lat' dir='ltr'><strong>ad.</strong></span> <span class='ocrx_word' id='word_1_498' title='bbox 899 4226 987 4342; x_wconf 58' lang='lat' dir='ltr'><strong>Auchi</strong></span> <span class='ocrx_word' id='word_1_499' title='bbox 997 4309 1024 4359; x_wconf 87' lang='lat' dir='ltr'><strong>p.</strong></span> <span class='ocrx_word' id='word_1_500' title='bbox 1031 4295 1090 4341; x_wconf 70' lang='lat'>271.</span> <span class='ocrx_word' id='word_1_501' title='bbox 1104 4257 1185 4344; x_wconf 73' lang='lat' dir='ltr'><strong>liaail.</strong></span> <span class='ocrx_word' id='word_1_502' title='bbox 1195 4309 1223 4360; x_wconf 84' lang='lat' dir='ltr'><strong>p.</strong></span> <span class='ocrx_word' id='word_1_503' title='bbox 1233 4259 1340 4357; x_wconf 48' lang='lat' dir='ltr'><strong>milo:</strong></span> 
     </span>
     <span class='ocr_line' id='line_1_52' title="bbox 197 4307 1340 4425; baseline 0.005 -23"><span class='ocrx_word' id='word_1_504' title='bbox 197 4363 233 4412; x_wconf 84' lang='lat' dir='ltr'><strong>et,</strong></span> <span class='ocrx_word' id='word_1_505' title='bbox 251 4353 298 4419; x_wconf 92' lang='lat' dir='ltr'><strong>qui</strong></span> <span class='ocrx_word' id='word_1_506' title='bbox 317 4370 378 4403; x_wconf 88' lang='lat' dir='ltr'><strong>eum</strong></span> <span class='ocrx_word' id='word_1_507' title='bbox 394 4356 524 4422; x_wconf 65' lang='lat' dir='ltr'><strong>sequitur,</strong></span> <span class='ocrx_word' id='word_1_508' title='bbox 543 4307 681 4409; x_wconf 65' lang='lat' dir='ltr'><strong>Oprosius</strong></span> <span class='ocrx_word' id='word_1_509' title='bbox 699 4355 814 4422; x_wconf 72' lang='lat' dir='ltr'><strong>(luisti,</strong></span> <span class='ocrx_word' id='word_1_510' title='bbox 832 4359 878 4421; x_wconf 88' lang='grc'><strong>6.).</strong></span> <span class='ocrx_word' id='word_1_511' title='bbox 911 4357 1086 4425; x_wconf 86' lang='lat' dir='ltr'><strong>Nequaquam</strong></span> <span class='ocrx_word' id='word_1_512' title='bbox 1104 4355 1233 4409; x_wconf 81' lang='lat' dir='ltr'><strong>derebus</strong></span> <span class='ocrx_word' id='word_1_513' title='bbox 1252 4358 1340 4411; x_wconf 84' lang='lat' dir='ltr'><strong>direr-</strong></span> 
     </span>
     <span class='ocr_line' id='line_1_53' title="bbox 196 4419 1342 4540; baseline 0.008 -72"><span class='ocrx_word' id='word_1_514' title='bbox 196 4421 241 4535; x_wconf 62' lang='grc' dir='ltr'><strong>ἒίο,</strong></span> <span class='ocrx_word' id='word_1_515' title='bbox 259 4429 294 4536; x_wconf 56' lang='grc' dir='ltr'><strong>οἱ)</strong></span> <span class='ocrx_word' id='word_1_516' title='bbox 306 4419 430 4540; x_wconf 51' lang='lat' dir='ltr'><strong>Nonae</strong></span> <span class='ocrx_word' id='word_1_517' title='bbox 440 4423 475 4503; x_wconf 64' lang='grc' dir='ltr'><strong>η)</strong></span> <span class='ocrx_word' id='word_1_518' title='bbox 485 4441 522 4472; x_wconf 89' lang='lat' dir='ltr'><strong>us</strong></span> <span class='ocrx_word' id='word_1_519' title='bbox 540 4435 618 4492; x_wconf 85' lang='lat' dir='ltr'><strong>putat</strong></span> <span class='ocrx_word' id='word_1_520' title='bbox 635 4424 667 4490; x_wconf 88' lang='lat' dir='ltr'><strong>(l.</strong></span> <span class='ocrx_word' id='word_1_521' title='bbox 678 4423 694 4476; x_wconf 89' lang='grc' dir='ltr'><strong>Ι.</strong></span> <span class='ocrx_word' id='word_1_522' title='bbox 705 4443 732 4493; x_wconf 87' lang='lat' dir='ltr'><strong>p.</strong></span> <span class='ocrx_word' id='word_1_523' title='bbox 746 4425 791 4490; x_wconf 85' lang='lat'>9.)‚</span> <span class='ocrx_word' id='word_1_524' title='bbox 808 4426 915 4492; x_wconf 88' lang='lat' dir='ltr'><strong>utrique</strong></span> <span class='ocrx_word' id='word_1_525' title='bbox 933 4442 1079 4506; x_wconf 78' lang='lat' dir='ltr'><strong>sermonem</strong></span> <span class='ocrx_word' id='word_1_526' title='bbox 1092 4424 1207 4506; x_wconf 59' lang='lat' dir='ltr'><strong>iaciunt,</strong></span> <span class='ocrx_word' id='word_1_527' title='bbox 1225 4426 1278 4479; x_wconf 88' lang='lat' dir='ltr'><strong>sed</strong></span> <span class='ocrx_word' id='word_1_528' title='bbox 1295 4436 1342 4508; x_wconf 80' lang='lat' dir='ltr'><strong>aut</strong></span> 
     </span>
     <span class='ocr_line' id='line_1_54' title="bbox 198 4491 1341 4634; baseline 0.007 -29"><span class='ocrx_word' id='word_1_529' title='bbox 198 4499 663 4634; x_wconf 51' lang='lat' dir='ltr'><strong>sttilssftmiss⁸¹ctiut¹t⁸t¹¹it</strong></span> <span class='ocrx_word' id='word_1_530' title='bbox 680 4500 735 4610; x_wconf 60' lang='lat' dir='ltr'><strong>ii*</strong></span> <span class='ocrx_word' id='word_1_531' title='bbox 761 4510 792 4543; x_wconf 66' lang='lat'><strong>⁶³</strong></span> <span class='ocrx_word' id='word_1_532' title='bbox 817 4491 1341 4627; x_wconf 54' lang='lat' dir='ltr'><strong>‘ttiditrtitiraitttssff</strong></span> 
     </span>
     <span class='ocr_line' id='line_1_55' title="bbox 196 4579 1342 4741; baseline 0.01 -71"><span class='ocrx_word' id='word_1_533' title='bbox 196 4637 243 4741; x_wconf 41' lang='lat' dir='ltr'><strong>prta</strong></span> <span class='ocrx_word' id='word_1_534' title='bbox 260 4638 352 4689; x_wconf 81' lang='lat' dir='ltr'><strong>graves</strong></span> <span class='ocrx_word' id='word_1_535' title='bbox 367 4622 462 4686; x_wconf 79' lang='lat' dir='ltr'><strong>luisse,</strong></span> <span class='ocrx_word' id='word_1_536' title='bbox 489 4626 546 4706; x_wconf 40' lang='lat' dir='ltr'><strong>uti.</strong></span> <span class='ocrx_word' id='word_1_537' title='bbox 565 4644 593 4677; x_wconf 88' lang='lat' dir='ltr'><strong>er</strong></span> <span class='ocrx_word' id='word_1_538' title='bbox 611 4644 639 4678; x_wconf 87' lang='lat' dir='ltr'><strong>se</strong></span> <span class='ocrx_word' id='word_1_539' title='bbox 655 4636 739 4703; x_wconf 60' lang='lat' dir='ltr'><strong>patet,</strong></span> <span class='ocrx_word' id='word_1_540' title='bbox 756 4629 796 4677; x_wconf 88' lang='lat' dir='ltr'><strong>ita</strong></span> <span class='ocrx_word' id='word_1_541' title='bbox 811 4645 826 4678; x_wconf 87' lang='lat' dir='ltr'><strong>a</strong></span> <span class='ocrx_word' id='word_1_542' title='bbox 842 4628 922 4679; x_wconf 75' lang='lat' dir='ltr'><strong>variis</strong></span> <span class='ocrx_word' id='word_1_543' title='bbox 939 4638 1058 4687; x_wconf 81' lang='lat' dir='ltr'><strong>veterum</strong></span> <span class='ocrx_word' id='word_1_544' title='bbox 1075 4628 1141 4681; x_wconf 89' lang='lat' dir='ltr'><strong>locis</strong></span> <span class='ocrx_word' id='word_1_545' title='bbox 1158 4579 1211 4695; x_wconf 56' lang='lat' dir='ltr'><strong>(cd</strong></span> <span class='ocrx_word' id='word_1_546' title='bbox 1226 4647 1299 4697; x_wconf 85' lang='lat' dir='ltr'><strong>quaa</strong></span> <span class='ocrx_word' id='word_1_547' title='bbox 1315 4648 1342 4698; x_wconf 86' lang='lat' dir='ltr'><strong>p.</strong></span> 
     </span>
     <span class='ocr_line' id='line_1_56' title="bbox 254 4688 1343 4766; baseline 0.005 -25"><span class='ocrx_word' id='word_1_548' title='bbox 254 4698 311 4742; x_wconf 83' lang='lat' dir='ltr'><strong>not</strong></span> <span class='ocrx_word' id='word_1_549' title='bbox 326 4688 346 4744; x_wconf 86' lang='grc' dir='ltr'><strong>Ι.</strong></span> <span class='ocrx_word' id='word_1_550' title='bbox 363 4708 379 4747; x_wconf 84' lang='lat' dir='ltr'><strong>s</strong></span> <span class='ocrx_word' id='word_1_551' title='bbox 395 4691 507 4751; x_wconf 79' lang='lat' dir='ltr'><strong>lidacc.</strong></span> <span class='ocrx_word' id='word_1_552' title='bbox 565 4710 596 4745; x_wconf 87' lang='lat' dir='ltr'><strong>ro</strong></span> <span class='ocrx_word' id='word_1_553' title='bbox 613 4705 640 4746; x_wconf 89' lang='lat' dir='ltr'><strong>et</strong></span> <span class='ocrx_word' id='word_1_554' title='bbox 656 4713 671 4746; x_wconf 86' lang='lat' dir='ltr'><strong>e</strong></span> <span class='ocrx_word' id='word_1_555' title='bbox 688 4694 801 4766; x_wconf 73' lang='lat' dir='ltr'><strong>Iosephc</strong></span> <span class='ocrx_word' id='word_1_556' title='bbox 817 4693 998 4763; x_wconf 82' lang='lat' dir='ltr'><strong>laudavimus)</strong></span> <span class='ocrx_word' id='word_1_557' title='bbox 1013 4696 1204 4766; x_wconf 59' lang='lat' dir='ltr'><strong>nadugitur„</strong></span> <span class='ocrx_word' id='word_1_558' title='bbox 1257 4698 1288 4766; x_wconf 83' lang='lat' dir='ltr'><strong>c)</strong></span> <span class='ocrx_word' id='word_1_559' title='bbox 1305 4702 1343 4751; x_wconf 78' lang='lat' dir='ltr'><strong>At</strong></span> 
     </span>
    </p>
   </div>
   <div class='ocr_carea' id='block_1_5' title="bbox 0 0 1490 5168">
    <p class='ocr_par' dir='ltr' id='par_1_8' title="bbox 0 0 1490 5168">
     <span class='ocr_line' id='line_1_57' title="bbox 0 0 1490 5168; baseline 0 0"><span class='ocrx_word' id='word_1_560' title='bbox 0 0 1490 5168; x_wconf 95' lang='lat' dir='ltr'><strong> </strong></span> 
     </span>
    </p>
   </div>
  </div>
 </body>
</html>
