2956 5168
121 286 186 349 ιιι
319 253 321 265 ’
453 278 645 342 munros
665 277 723 340 ur
745 254 1021 343 coustantius

126 455 220 505 Martii
238 457 280 504 23.
298 448 460 510 conferrent,
480 459 511 499 ut
527 449 695 500 Lactant.
713 448 777 499 inst.
796 445 953 513 div.4‚10.,
971 444 1093 500 ebron.
1109 446 1216 502 Alex.
1233 468 1263 518 p.
1281 454 1354 513 525„

128 523 221 592 Sync
232 519 290 572 ell.
326 518 467 584 chronogr.
490 535 518 586 p.
535 521 604 580 321,
626 516 797 567 Anastas.
814 517 848 569 H.
865 516 896 566 E.
913 533 942 585 p.
960 518 1010 576 14„
1028 515 1073 581 al.,
1090 515 1218 583 alteram,
1237 535 1355 588 eamque

128 592 245 640 maxime
263 586 412 655 vulgatam,
429 602 464 636 ex
482 602 535 653 qua
552 602 584 635 ea
601 601 644 634 res
660 585 758 634 mensis
777 583 897 634 eiusdem
916 582 961 634 die
977 587 1021 634 25.
1051 583 1179 635 accidisse
1196 585 1355 638 crederetur
1392 623 1394 627 ,

127 657 174 723 (de
192 658 266 707 cuius
283 655 432 705 sententiae
451 653 554 720 origine
572 651 717 703 admodum
729 651 908 720 probabiliter
924 649 1084 702 ldelerus
1104 650 1239 717 disseruit,
1252 655 1271 705 l.
1283 653 1305 703 l.
1319 656 1354 719 ll,

126 746 154 797 p.
171 728 229 777 421.
246 723 333 790 not.)‚·
357 724 396 771 ita
413 739 439 773 v.
457 738 482 786 g.
499 719 588 772 Acta
613 719 723 770 Pilati
749 722 778 770 in
800 716 951 789 subscript,
981 718 1354 774 Tertullian.adr.1ud.

127 814 150 846 c.
167 799 205 854 8.,
234 790 418 857 Augustin.
444 787 478 839 de
497 789 562 838 trin.
588 791 615 851 4,
634 792 672 854 5.,
690 787 960 856 martyrologia
988 785 1106 856 plurima
1124 800 1151 839 et
1180 800 1355 842 auctores

127 859 212 912 medii
236 861 295 909 aevi
322 857 378 908 lere
405 873 513 919 omnes,
532 873 582 907 nec
599 857 679 925 pauci
705 872 814 920 eorum,
846 857 892 924 qui
913 864 976 925 post
992 872 1067 906 sacra
1090 857 1237 907 instaurata
1263 858 1355 908 exsti-

125 939 217 980 terunt
243 925 278 977 cl.
296 927 412 977 Peter.
430 923 515 975 doctr.
532 935 634 992 tempp.
645 924 665 975 l.
677 924 737 974 XII.
750 941 773 974 c.
785 924 849 990 13.).
878 923 951 974 luter
966 924 1128 974 recentiores
1144 923 1225 991 longe
1242 924 1357 995 plurimi

127 998 213 1049 lesum
225 930 328 1064 iprilis
344 991 388 1043 die
400 997 425 1044 3.
443 992 480 1057 (a.
490 991 546 1056 33.)
563 991 660 1043 obiisse
678 990 852 1045 arbitrantur.
889 987 1012 1042 Ceterum
1030 989 1063 1042 de
1081 991 1122 1041 bis
1141 990 1264 1061 aliisque,
1282 1011 1357 1061 quae

128 1062 271 1115 decadem
291 1080 319 1112 re
335 1062 474 1131 preposite
492 1070 570 1124 sunt,
595 1060 732 1111 sententiis
750 1055 795 1111 off.
812 1058 993 1110 Ricciolus
1017 1070 1045 1110 et
1068 1058 1299 1128 Spnnbemius
1323 1061 1356 1114 ll.

121 1144 155 1202 p.
173 1135 229 1183 190.
263 1129 393 1196 allegatis.
442 1128 495 1178 Eas
522 1144 585 1179 sero
614 1128 771 1196 opiniones,
799 1145 867 1196 quae
895 1124 930 1177 de
955 1126 1014 1190 die,
1049 1144 1098 1195 quc
1129 1127 1173 1177 ct.
1201 1129 1230 1176 in
1253 1128 1357 1179 coelum

128 1200 246 1261 redierit,
273 1197 396 1266 prolatae
421 1205 500 1258 sunt,
525 1212 578 1245 non
596 1207 649 1260 est,
668 1194 742 1264 quod
757 1212 957 1258 recenseantur,
984 1213 1066 1265 quum
1084 1193 1185 1261 facile,
1213 1195 1356 1264 quomodo
1407 1200 1409 1206 '

128 1268 242 1337 quisque
258 1265 308 1315 hac
327 1263 361 1314 de
387 1281 415 1314 re
433 1264 556 1314 statuerit
573 1263 630 1327 (vel
646 1274 778 1330 statuere,
805 1265 827 1312 si
845 1261 945 1314 diserte
962 1261 996 1314 de
1013 1281 1045 1315 ea
1063 1261 1183 1328 dixisset,
1201 1262 1356 1334 debuerit),

129 1338 234 1403 cognita
252 1333 309 1384 eius
326 1332 457 1382 sententia
475 1329 509 1382 de
526 1328 571 1382 die
588 1333 646 1383 lesu
663 1329 751 1398 fatali,
769 1332 921 1400 computari
937 1332 1028 1401 possit.

561 1537 640 1600 At)
688 1537 819 1601 OAP.
863 1538 914 1602 ll.

196 1711 248 1760 Aa
268 1728 295 1778 p.
311 1709 354 1760 42.
373 1708 383 1756 i
389 1726 416 1760 n.
450 1703 601 1757 Vocabnlis
619 1704 666 1772 ὅλη
683 1702 700 1772 ἡ
719 1707 865 1777 οἰκουμένη
881 1705 1053 1770 Act.11‚2e.
1071 1724 1124 1758 non
1140 1716 1227 1758 totam
1244 1718 1357 1776 terram,

128 1777 171 1831 rel
188 1777 278 1835 orbem
297 1787 369 1828 certe
386 1776 544 1837 Romanurn,
562 1773 609 1825 sed
626 1775 711 1826 solam
727 1774 842 1826 indicari
859 1775 1046 1841 Palaestinam,
1064 1774 1131 1827 locis
1148 1787 1202 1828 not.
1215 1793 1238 1828 s.
1263 1775 1354 1828 allatis

131 1837 195 1899 non‘
205 1843 403 1915 comprobatur.
437 1844 532 1912 Itaque
549 1859 606 1893 non
622 1842 705 1894 alieni
722 1861 795 1895 nunc
811 1838 901 1894 sumus
920 1841 954 1892 ab
971 1860 1003 1894 ea
1020 1843 1162 1906 sententia,
1179 1855 1210 1893 ut
1226 1843 1354 1912 Agebum

129 1918 178 1981 (ex
193 1912 282 1964 Lucae
299 1915 402 1978 mente)
430 1912 600 1980 potissimum
624 1910 733 1979 quidem
761 1910 795 1962 de
820 1929 851 1962 ea
873 1909 962 1974 fane,
992 1909 1028 1961 ad
1053 1929 1133 1979 quam
1157 1909 1354 1964 sublevandam

128 1980 294 2033 Antiocheni
310 1981 415 2048 stipem
441 1977 616 2046 collegerint,
646 1980 664 2032 i.
682 1996 706 2030 e.
734 1978 768 2030 de
783 1977 854 2031 far'ne
871 1977 1121 2046 Palaestinensium,
1144 1977 1191 2030 sed
1216 1981 1297 2032 simui
1320 1981 1354 2033 de

128 2050 189 2102 aliis
211 2048 323 2098 eiusdem
343 2047 447 2115 generis
470 2045 663 2096 calamitatibus
687 2064 717 2097 co
737 2048 816 2097 itasse
840 2064 1008 2113 censeamus,
1039 2064 1108 2116 quae
1127 2045 1242 2099 Claudio
1259 2049 1353 2119 impe-

127 2129 203 2169 rante
226 2117 287 2185 post
309 2114 378 2163 lanc
400 2115 554 2163 Iudaeorum
568 2112 676 2182 famem
698 2065 767 2164 aias
784 2115 927 2181 presserint
949 2115 1074 2184 regiones.
1109 2115 1173 2164 Post
1195 2114 1283 2180 illum,
1308 2120 1353 2168 in-

129 2204 219 2256 quam,
235 2183 391 2232 Iudaeorum
402 2181 523 2250 famem,-
546 2199 608 2231 nam
627 2200 710 2249 quum
728 2182 883 2233 vaticinium
895 2182 974 2251 (utp.
986 2187 1020 2234 46
1031 2201 1069 2251 sq.
1087 2180 1214 2249 vidimus)
1231 2187 1353 2251 proxime

129 2252 300 2305 antecesserit
325 2252 377 2301 iter
399 2267 414 2298 a
440 2249 468 2300 Ρ.
488 2260 515 2299 et
532 2250 612 2300 Barn.
631 2267 692 2300 cum
708 2251 778 2320 stipe
796 2249 1025 2301 Antiochenorum
1044 2250 1234 2320 Hierosolyma
1259 2270 1353 2305 susce-

127 2332 220 2392 ptum,
248 2336 336 2385 neque
361 2317 427 2368 haec
453 2317 511 2385 ipsa
532 2315 664 2386 profectio
691 2328 753 2369 ante
778 2318 883 2368 initium
904 2315 980 2368 lamis
997 2317 1201 2370 Palaestinensis
1222 2319 1351 2372 collocari

128 2391 231 2459 possit:
252 2385 370 2453 Agabus,
387 2386 409 2436 si
428 2383 461 2435 de
479 2402 532 2452 qua
550 2385 603 2434 alia
621 2402 744 2436 annonae
762 2387 875 2436 caritate
892 2384 970 2436 simul
985 2385 1085 2437 dixisse
1098 2384 1228 2451 creditur,
1248 2386 1284 2440 de
1295 2389 1354 2453 teli,

55 2472 59 2478 ’
130 2474 200 2527 quae
221 2453 390 2571 ppiushqame
407 2451 516 2569 Iudalica
532 2452 810 2572 iqlgruerit†hdip⁸iqqe
832 2454 1098 2574 ἒιὶἓῐίωιιίὓίιὸῳιίῑ.
1143 2456 1242 2572 ltaqpe
1264 2457 1353 2576 migm

382 2539 418 2571 us
488 2539 532 2572 nn.
570 2558 577 2572 .
627 2539 648 2573 s.
711 2560 717 2574 .
787 2537 792 2549 ·
952 2560 959 2574 .
1070 2558 1077 2571 .
1227 2563 1234 2572 .

128 2534 320 2644 lbbbebulooile
341 2539 400 2639 isira
425 2521 768 2657 Rimsnonnierepubtioa
793 2539 953 2655 tlteltec'mp,
979 2539 1068 2655 ideou,1
1079 2522 1174 2659 Rubrii
1190 2540 1354 2662 iabivqllriidd

129 2652 237 2714 Claudii
255 2676 325 2708 anno
343 2655 425 2707 fames
445 2657 544 2706 Rornae
561 2658 700 2721 saevierit,
731 2655 851 2722 Agabana
870 2656 965 2708 ultimo
982 2655 1120 2725 Caligulae
1138 2670 1263 2729 tempore
1280 2661 1354 2712 rati-

99 2741 102 2747 ’
131 2729 268 2791 cinaeum,
297 2724 409 2776 Paulum
428 2735 454 2774 et
474 2720 652 2777 Barninitio
668 2725 776 2794 imperii
794 2721 938 2777 Claudiani
956 2723 1142 2794 Hierosolyma
1159 2729 1290 2794 migrasse
1308 2747 1353 2779 er-

129 2796 304 2847 bitratur.-
389 2792 445 2840 Aa
465 2811 492 2859 p.
509 2794 550 2844 46.
574 2803 643 2843 not.
666 2811 689 2844 z.
722 2793 861 2857 Petsvii
890 2803 917 2843 et
944 2792 1106 2861 basnagii
1128 2797 1275 2846 sententias
1297 2795 1356 2849 l.l.

126 2863 184 2914 alle
204 2874 259 2913 atas
285 2859 319 2911 de
336 2857 407 2910 fame
425 2877 440 2909 a
456 2859 599 2927 Iosepbo
626 2866 782 2924 memorata,
810 2877 866 2910 non
884 2859 917 2911 de
935 2878 972 2925 et,
998 2879 1079 2931 quam
1105 2861 1214 2914 Lucas
1243 2863 1355 2928 referat,

114 2881 320 2997 'inteiligendas
338 2945 403 2990 esse,
422 2944 457 2977 ex
473 2945 500 2995 p.
517 2930 559 2979 43.
579 2938 634 2980 not.
652 2945 677 2978 o.
695 2938 788 2997 patere
806 2929 938 2980 existimo.
953 2959 988 2971 -
1055 2929 1108 2979 As
1129 2949 1154 2996 p.
1171 2933 1215 2988 46,
1246 2943 1317 2985 not.
1334 2933 1356 2984 b.

131 2998 188 3053 liu.
205 2996 266 3047 ult.
294 2993 494 3063 „Anonym
521 2995 551 3043 in
568 2994 689 3063 Bengelii
705 2996 817 3047 Archiv.
836 3006 855 3050 t.
873 2997 921 3047 IV.
958 3007 1007 3050 art.
1025 3001 1071 3051 l.“
1113 2998 1178 3048 Esse
1196 2997 1271 3051 hunc
1288 3001 1310 3050 I.
1327 2999 1356 3053 F.

131 3064 338 3126 Wurrniunr,
358 3060 406 3124 fit,
419 3062 502 3113 serius
516 3060 652 3117 didici.-
696 3064 749 3114 Ad
757 3082 784 3131 p.
795 3066 838 3115 48.
850 3061 923 3133 fin.
940 3015 1041 3116 boden
1052 3064 1147 3131 modo,
1166 3083 1196 3116 ac
1218 3065 1357 3118 Sabra-

132 3133 240 3185 derus
266 3142 293 3182 et
316 3128 433 3197 reliqui,
454 3147 520 3199 quos
548 3130 574 3182 b.
591 3130 611 3183 l.
630 3129 784 3195 attulimus,
819 3129 852 3182 de
879 3131 971 3183 ordire
993 3150 1084 3184 rerum
1099 3136 1129 3183 in
1147 3132 1226 3186 Actis
1245 3154 1287 3189 cc.
1306 3138 1356 3187 Xl.

132 3212 160 3254 et
170 3201 232 3251 Xll.
248 3197 406 3251 traditarum
425 3209 453 3248 et
470 3197 516 3247 alii
534 3208 667 3261 statuunt,
687 3210 714 3250 et
730 3197 893 3250 Scitottns
911 3200 1102 3270 (Eroerterung
1119 3212 1170 3253 etc.
1188 3219 1217 3270 p.
1229 3208 1264 3254 88
1274 3205 1357 3274 sqq),

153 3271 180 3320 ui
199 3265 407 3338 qunm'(p.89.)
425 3265 477 3316 boc
496 3277 596 3332 urgeat,
613 3265 688 3334 quod
705 3266 752 3330 12,
765 3271 807 3318 25.
824 3267 928 3317 nullum
942 3269 1095 3320 inveniatur
1110 3270 1266 3336 vestigium,
1285 3271 1359 3324 unde

87 3351 89 3356 ’
133 3289 275 3396 lliscamu's,
292 3335 392 3384 Lucam
410 3333 444 3383 ad
467 3334 648 3392 narrationem
669 3336 743 3403 prius
760 3336 937 3403 interruptam
952 3338 1068 3400 reverti,
1093 3351 1254 3405 argumento
1273 3343 1359 3391 utitur

133 3407 203 3456 satis
217 3401 351 3470 ambiguo.
397 3399 468 3470 Quin
485 3405 575 3470 potius
593 3413 744 3465 auctorem,
763 3403 786 3453 si
805 3403 937 3470 scivisset,
959 3421 1000 3467 ea,
1019 3421 1086 3467 quae
1103 3403 1165 3458 Act.
1183 3409 1228 3471 12,
1250 3413 1307 3459 1-
1318 3412 1359 3460 24.

132 3474 267 3534 narravit,
296 3482 370 3534 tum,
401 3489 481 3538 quum
500 3471 528 3522 P.
548 3480 575 3519 et
591 3468 670 3520 Barn.
687 3469 883 3538 Hierosolymis
900 3483 1000 3538 essent,
1019 3471 1161 3535 accidisse,
1181 3491 1358 3542 nequaquam

134 3542 305 3603 c.12,r.l.
327 3535 508 3587 formalatius
553 3547 662 3603 utente,
689 3536 775 3607 qualis
794 3550 851 3590 est:
881 3535 936 3589 κατ’
955 3537 1125 3592 irrisoriis
1141 3536 1251 3612 καιρὸν,
1282 3563 1363 3596 usum

133 3607 215 3666 fnisse
233 3603 375 3676 probabile
393 3617 448 3672 est,
466 3604 500 3658 cf.
518 3556 703 3658 Vi'urnrius
729 3605 813 3670 (Tiib.
830 3605 936 3668 Ztecbft
951 3606 971 3659 f.
989 3607 1041 3660 Tb.
1061 3612 1135 3670 1833,
1153 3611 1178 3674 1,
1197 3628 1230 3679 p.
1249 3611 1293 3678 (i.)

501 3806 575 3892 Aa
630 3830 759 3894 car.
805 3830 876 3892 ιιι.
937 3833 980 3894 ιι.
1046 3892 1050 3903 ,

199 4000 252 4050 Λα
263 4019 300 4068 ¹p.
323 3999 366 4051 51.
388 3996 423 4060 fi
431 4014 474 4048 ra:
499 3996 941 4075 „aliindenique—‘existimant.“
975 3998 1150 4051 Wurmins
1167 3998 1202 4064 (i.
1218 4021 1244 4056 ο.
1265 4025 1295 4075 p,
1308 4009 1370 4075 m)

132 4067 195 4120 Act.
211 4072 255 4132 20,
272 4071 315 4119 ³1.
337 4074 391 4118 tres
419 4079 502 4115 annos
525 4062 623 4149 civiles.
638 4066 826 4136 intelligendos
843 4068 975 4136 putet*),
992 4085 1105 4137 quorum
1121 4067 1213 4138 primo
1234 4089 1370 4128 currente

132 4251 183 4320 ρ’)
200 4253 356 4318 Romanum,
372 4271 403 4302 sn
413 4252 560 4318 Iudaicum,
576 4272 608 4302 an
623 4271 683 4306 vero
694 4254 854 4322 Ephesinum
870 4257 928 4304 anni
944 4256 1042 4304 initium
1058 4257 1197 4319 respexisse
1216 4266 1370 4325 spostolu-

201 4325 308 4384 censeat,
325 4325 379 4382 ipse
397 4339 448 4370 non
465 4327 668 4374 commemoravit.
691 4327 841 4391 Quamquam
857 4342 913 4375 οιιιιι
926 4326 1069 4373 Schotto
1086 4325 1164 4371 iecere
1181 4326 1304 4390 videtur,
1325 4334 1371 4395 qni

201 4388 241 4452 (is.
252 4390 279 4435 in
292 4390 324 4439 Ν.
335 4391 364 4440 F.
376 4408 401 4450 p.
414 4396 463 4437 234
474 4391 522 4456 sq.)
540 4395 605 4438 haud
624 4394 696 4439 dubie
713 4395 743 4440 de
760 4392 881 4453 principio
896 4394 954 4440 anni
964 4391 1081 4441 Romano
1100 4393 1201 4457 cogitet.
1221 4396 1368 4463 Equidem,

200 4458 223 4504 si
244 4457 345 4510 Paulum
360 4461 386 4506 h.
402 4461 420 4506 l.
438 4476 514 4506 annos
532 4463 616 4507 civiles
643 4477 842 4508 commemorasse
863 4462 1002 4522 crederem,
1019 4464 1066 4508 hoe
1085 4477 1140 4507 earn
1156 4463 1189 4507 ab
1214 4475 1369 4516 auam„

199 4525 299 4570 duxisse
317 4526 487 4587 existimarem,
504 4530 592 4586 partim
608 4528 664 4588 qnia
680 4530 733 4587 ipse
747 4527 860 4576 Iudaeus
879 4539 947 4587 erat,
968 4529 1055 4587 partim
1079 4528 1137 4590 quia
1158 4542 1219 4576 cnm
1238 4530 1371 4599 Ephesiis

201 4593 396 4657 colloquebatur,
415 4596 458 4653 qui
475 4597 520 4640 illa
536 4605 625 4653 aetate,
645 4596 697 4642 sive
714 4597 784 4643 annis
799 4597 879 4643 adhuc
890 4598 929 4643 nsi
939 4597 1030 4643 luerint
1042 4592 1186 4657 lunaribus,
1207 4600 1279 4660 sive,
1300 4605 1372 4665 quod

203 4661 355 4718 probabilius
373 4671 427 4719 est,
445 4662 493 4707 iarn
508 4679 584 4709 arrnos
602 4664 679 4708 secuti
695 4664 744 4708 sint
760 4659 857 4711 solares
867 4697 875 4721 ,
893 4667 923 4710 ab
941 4673 1081 4712 auctumno
1099 4680 1188 4710 aunum
1208 4667 1371 4718 inchoabant

203 4729 247 4792 (ci.
263 4729 411 4778 ldelerus
427 4731 447 4779 l.
466 4745 487 4779 c.
506 4732 531 4792 1,
549 4747 574 4789 p.
587 4734 826 4797 ⁴02sqq.;‚.p.4ttt.
844 4733 884 4781 all.
901 4749 926 4791 p.
945 4731 1024 4796 ets).
1077 4770 1079 4775 .
