2956 5168
121 282 163 342 44
467 276 552 339 GAP.
573 276 608 338 ΙΙ.
627 332 631 338 .
651 272 705 337 DE
726 271 985 337 fflffolubtis

122 453 251 510 fortusse
272 464 303 509 et
324 448 449 508 Ananias
470 446 624 508 Nebedaei
645 444 713 524 Ei)
734 444 937 525 poutiiicetum
956 442 1164 525 tenuerunti).
1207 447 1273 511 Sed
1295 451 1331 510 erl

123 536 178 594 bos
206 535 288 613 ipsos
319 539 524 613 procuratores
554 530 632 611 quo'd
659 530 780 604 attinet,
810 528 939 611 &sepius
967 528 1091 602 Μαι,
1123 527 1234 593 iudaea
1263 543 1333 614 post

123 619 274 699 Agrippae
295 615 316 677 1.
343 622 468 677 mortem
488 617 597 677 iterum
616 615 648 675 in
669 614 836 693 provincise
856 614 982 674 formem
1003 614 1140 690 redacte,
1165 615 1331 681 schemo

121 702 193 764 huic
220 708 318 762 teme
343 701 498 780 impositos
518 694 612 781 esti).
663 698 692 757 {s
714 698 852 778 quamdin
877 697 947 759 boc·
962 717 1069 759 munus
1095 701 1243 779 gesserit,
1273 722 1332 765 noe

124 788 196 848 sutis
219 791 349 859 constat3
379 787 436 845 boc
457 786 536 845 enirn
558 784 653 844 sotum
674 784 823 857 novimus,
845 801 912 841 eum
933 783 1032 843 media
1052 784 1121 844 euni
1141 781 1193 847 45.
1215 794 1333 849 resero

123 873 280 933 etiemuum
301 869 470 949 provinciae
496 868 674 948 praefuisse.
716 866 791 927 Nem
804 867 835 925 in
849 867 977 946 epistola¹
988 868 1122 946 quedem,
1137 889 1226 949 quam
1242 870 1332 933 Cian-

122 955 189 1016 dius
210 954 325 1014 ludaeis
353 955 433 1014 misit
454 968 511 1013 uua
533 972 598 1013 cum
619 952 715 1014 literis
736 951 774 1011 ed
796 949 935 1030 cuspium
957 948 1199 1035 mosminse
1218 955 1334 1036 legiter

121 1039 292 1118 inscriptio:
320 1029 493 1111 Κλαύδιος
514 1037 652 1120 Καῖσαρ
679 1029 897 1139 Γερμανικὸς,
927 1031 1162 1184 δημαρχικρ
1168 1059 1187 1114 ς
1213 1035 1333 1115 ἐξοτ-

122 1118 211 1197 σίας
237 1117 284 1184 τδ
307 1117 512 1200 πέμπτον,
541 1115 705 1195 δίτατοςΙ
725 1117 928 1187 ανιοδεδει
958 1116 1082 1199 μένος
1111 1143 1132 1184 τ
1181 1120 1334 1207 τέταρ-

121 1227 204 1279 τον,
227 1198 490 1291 αὐτοκράτωρ
517 1200 561 1268 τὸ
585 1141 1333 1288 δέκατον---Ἰουάαι’ωνπαντ,ὶ,ἔθνειχαά-

121 1311 207 1438 ρειν,
231 1291 408 1369 subscriptio
428 1309 505 1363 sero-
519 1290 568 1351 ite·
581 1280 896 1391 sehabettfypuipu
919 1285 1001 1393 πρὸ
1022 1281 1238 1377 ,τεσσάρων
1260 1296 1333 1375 croft

150 1371 222 1438 ανδ
226 1374 279 1436 (δν
297 1367 491 1448 Ἰουλίου,
520 1369 580 1437 ἐπὶ
599 1365 742 1443 ὑπάτων
757 1367 895 1458 Ροδφοο
916 1396 971 1439 και
989 1371 1173 1459 Πομντρΐοο
1185 1373 1334 1441 Σιλουα-

122 1459 192 1523 νοῦ.
236 1458 362 1535 Quintus
385 1458 499 1521 Ciaudii
526 1458 692 1521 tribuuntur
711 1478 729 1518 a
749 1458 799 1519 die
817 1459 946 1519 honerii
968 1457 1020 1519 24.
1041 1458 1173 1520 corifi.
1195 1461 1234 1522 ad
1257 1481 1330 1525 curt·

123 1543 192 1606 dem
206 1563 300 1624 usque
315 1544 392 1604 diem
406 1545 474 1605 enni
494 1544 647 1623 sequentis
661 1543 843 1621 pertinebat;
865 1543 1090 1623 subscriptionis
1104 1546 1195 1607 umbe
1217 1547 1333 1626 priora,
1365 1580 1369 1586 ·

123 1636 154 1690 et
181 1628 256 1688 baec
289 1628 488 1707 inscriptionis
514 1627 669 1688 vocabule:
698 1617 914 1714 αὐτοκράτωρ
941 1621 979 1690 τδ
1003 1623 1154 1701 δέκατον,
1183 1630 1224 1691 de
1252 1651 1334 1692 enno

121 1712 173 1774 45.
195 1731 361 1774 sermonem
382 1732 460 1788 esse,
483 1712 642 1816 coemto).
684 1710 790 1791 Neque
818 1718 882 1787 est,
904 1711 983 1793 quod
1004 1731 1058 1773 nos
1080 1715 1200 1775 turbent
1222 1716 1332 1776 verba:

122 1792 252 1874 ὕπατος
279 1789 559 1880 ἀποδεδειγμένος
586 1818 625 1860 το
653 1791 826 1881 τέταρτον·
856 1815 931 1863 σιω,
952 1797 1008 1857 etsi
1031 1796 1171 1858 Claudius
1192 1800 1331 1861 consub-

121 1889 184 1944 tum
206 1891 340 1964 quartum
361 1900 437 1942 auco
460 1883 577 1943 demum
598 1880 649 1941 47.
671 1883 774 1965 gessit,
794 1888 894 1943 umen
914 1882 972 1941 ium
987 1882 1014 1941 i.
1027 1880 1079 1941 45.
1094 1882 1244 1962 designari
1259 1903 1334 1959 sese

121 1968 207 2029 iussit
221 1965 263 2050 ⁰).'
304 1965 463 2026 Consulum
495 1985 566 2026 vero
597 1967 713 2025 uomina
743 1966 819 2041 noli,
848 1966 917 2045 quia
937 1967 968 2026 iu
988 1964 1075 2025 fastis
1097 1985 1155 2026 nou
1175 1968 1329 2030 inveniun-

121 2059 186 2124 tur,
208 2069 275 2110 cum
296 2045 508 2129 RaronioP)
529 2055 659 2124 mutare3
680 2068 777 2130 neque
799 2051 876 2110 euim
897 2051 1077 2125 ordinarios,
1100 2051 1170 2126 sed,
1191 2053 1244 2131 qui
1265 2060 1329 2114 turo

122 2134 242 2197 suffecti
263 2138 357 2206 eraut,
380 2132 519 2194 Cleudius
540 2130 699 2217 vocavite).
722 2171 760 2180 —-
788 2133 925 2195 menius
947 2134 1137 2210 Alexander,
1159 2137 1218 2197 uisi
1240 2138 1329 2217 penio

122 2226 191 2279 ente
213 2218 328 2278 Claudii
349 2238 454 2277 cunum
483 2224 632 2292 usurum,
662 2229 694 2278 at
713 2218 770 2278 boc
796 2220 862 2299 ipso
884 2226 966 2279 certe
992 2238 1067 2279 anuo
1090 2218 1255 2281 Cumanum
1275 2223 1328 2282 be·

123 2304 187 2363 buit
208 2321 410 2362 successorem
420 2297 463 2381 r),
484 2303 514 2362 b.
530 2323 573 2377 e,
587 2305 665 2365 inter
679 2304 756 2362 diem
772 2303 830 2362 iau.
844 2302 895 2361 24.
909 2304 977 2362 anui
991 2302 1042 2362 48.
1058 2306 1245 2384 eundemque
1259 2309 1327 2366 euni

123 2388 273 2467 sequentis
300 2387 388 2446 diem.
431 2387 475 2447 Ae
496 2388 564 2468 quia
589 2393 814 2469 procuratorem
838 2385 935 2447 media
962 2387 1079 2462 bieme,
1109 2390 1184 2449 meri
1214 2389 1327 2465 clauso,

123 2474 181 2532 iter
193 2472 224 2530 in
238 2471 417 2551 provinciam
431 2471 542 2545 iecisse
554 2491 612 2532 uon
627 2479 674 2533 est
688 2472 924 2546 cousentaneum,
947 2470 1108 2533 Cumanum
1130 2474 1228 2535 serius
1251 2494 1327 2536 euno

122 2556 173 2617 48.
195 2554 316 2616 Tiberio
337 2556 506 2617 Alexandro
527 2559 723 2630 successisse,
744 2562 846 2630 recte,
867 2564 950 2636 puto,
973 2575 1123 2636 negamus.

207 2640 290 2717 Quae
312 2659 399 2719 quum
421 2643 462 2700 ito
483 2641 556 2714 siut,
576 2642 695 2716 famem,
716 2660 792 2720 quae
812 2641 896 2702 Fsdo
917 2648 948 2701 et
962 2641 1131 2702 Alexandro
1149 2651 1324 2722 procuretu-

123 2725 204 2788 ribus
225 2725 361 2784 iudseam
383 2725 508 2804 pressit,
537 2724 564 2783 ei
584 2729 727 2806 temporis
748 2726 860 2807 spatio,
882 2726 958 2805 quod
981 2726 1018 2785 ab
1040 2745 1066 2786 e.
1087 2726 1138 2787 44.
1160 2727 1197 2786 ud
1218 2736 1326 2791 sunum

122 2830 216 2891 usque
233 2809 286 2870 48.
308 2808 438 2883 effluxit,
466 2808 671 2870 ineiudeudnm
693 2829 761 2871 esse
781 2820 913 2893 appetet.
956 2810 1031 2872 Sunt
1052 2817 1159 2886 sotem,
1181 2832 1259 2893 quoe
1272 2833 1326 2874 nos

123 2901 271 2968 moveant,
304 2899 336 2953 ut
356 2915 420 2954 eam
449 2913 488 2953 ne
508 2894 559 2954 48.
581 2894 697 2973 quidem
719 2913 826 2955 anuum
847 2895 979 2974 attigisse
999 2897 1162 2956 credamus.
1204 2897 1326 2960 Etenim

42 2996 46 3005 ’
122 2981 160 3041 ab
182 2987 337 3038 auctumno
358 2979 425 3038 cuni
445 2976 497 3037 44.
523 2979 559 3038 ad
580 2984 767 3039 suctumuum
788 2985 962 3060 sequentem
982 2999 1074 3040 sunus
1096 2981 1239 3060 agebatur
1259 2983 1325 3044 sab·

123 3063 253 3135 beticus3
283 3080 341 3142 quo
362 3082 450 3141 quum
472 3081 529 3122 non
557 3069 724 3139 sereretur,
752 3064 822 3125 inde
847 3084 864 3124 u
885 3082 956 3124 vere
977 3085 1003 3124 o.
1024 3063 1092 3139 48.,
1121 3085 1197 3149 quse
1217 3068 1325 3128 messis

122 3147 277 3210 faciendus
304 3152 464 3226 tempestus
493 3153 554 3222 est,
592 3148 630 3208 ed
659 3149 781 3209 eandem
802 3149 870 3208 nuni
899 3148 951 3208 49.
974 3153 1116 3223 centem,
1145 3168 1203 3229 quc
1231 3169 1325 3213 uovsc

122 3232 307 3294 metebantur
333 3230 453 3310 fruges,
484 3236 563 3292 terre
592 3232 671 3292 fame
692 3240 795 3296 vexato
816 3238 872 3293 est.
914 3231 975 3293 lem
996 3234 1152 3295 nisiinter
1173 3253 1239 3296 eam
1260 3236 1324 3295 fru·

122 3337 191 3397 gum
212 3316 353 3396 inopium,
382 3335 458 3395 quae
479 3314 590 3394 Cuspio
610 3318 747 3400 praeside
767 3318 882 3383 initium
904 3319 999 3396 cepit,
1021 3323 1053 3378 et
1072 3318 1165 3392 boue,
1187 3339 1266 3399 quse
1287 3321 1325 3381 ab

122 3420 199 3462 suno
219 3402 314 3461 otioso
343 3408 408 3461 orta
429 3405 491 3474 est,
520 3394 613 3462 mains
636 3402 781 3482 quoddam
803 3401 928 3482 spatium
949 3403 1184 3477 intercessisset,
1215 3407 1325 3466 caritas

123 3505 173 3560 ea,
203 3484 241 3545 de
262 3504 319 3563 qua
339 3483 482 3566 iosepbus
507 3485 653 3567 loquitur,
680 3487 747 3567 quie
767 3506 784 3548 o
804 3486 884 3548 ieme
904 3487 972 3549 anui
991 3487 1132 3548 sabbctici
1151 3490 1253 3551 stetim
1275 3508 1326 3553 ex-

118 3634 316 3649 σψ-

188 3753 222 3786 ne
238 3750 291 3786 non
315 3736 415 3802 addite,
432 3758 526 3809 parum
544 3754 622 3809 recte,
638 3741 775 3811 losepbum
792 3739 868 3794 Comi
885 3739 971 3792 filium
989 3759 1002 3790 s
1021 3739 1137 3808 Comydi
1153 3737 1211 3789 filio
1231 3737 1327 3791 direr-

187 3820 243 3854 snn
261 3821 328 3869 esse,
345 3809 445 3860 statuit.
529 3809 557 3874 ἰ)
574 3810 633 3862 los.
651 3813 711 3863 Ant.
726 3814 769 3876 20,
787 3815 810 3875 1,
827 3816 852 3862 3.
929 3808 958 3876 δι)
976 3809 1046 3858 Num
1063 3806 1131 3860 icrte
1149 3806 1233 3857 Flavii
1251 3826 1329 3860 error

188 3871 253 3922 inde
270 3872 350 3923 inerit
366 3872 539 3938 derivandos,
558 3881 641 3943 quod,
660 3894 739 3945 quum
759 3876 848 3946 plures
865 3887 965 3941 essent,
983 3875 1102 3927 tulmude
1120 3873 1229 3946 quidem
1247 3885 1327 3940 teste,

187 3955 302 4027 Gumydi
327 3939 464 4027 (uiuitis)
481 3955 546 4024 filii,
564 3976 598 4010 cx
615 3960 712 4028 quibui
729 3960 858 4026 ismaeles,
876 3960 979 4027 Simon,
997 3961 1132 4030 Iosephus,
1150 3957 1229 4009 indes
1249 3977 1327 4011 com-

161 4046 164 4054 *
186 4036 376 4092 memorantur,
385 4025 521 4083 ismaelem
533 4043 592 4076 curn
603 4027 713 4098 Iosepho
721 4026 898 4109 permutavit?
911 4032 938 4081 A
947 4027 1066 4079 rabbinis
1076 4039 1146 4079 certe
1155 4038 1272 4096 quatuor
1283 4026 1326 4078 iiii

185 4095 236 4145 riri
246 4090 378 4143 interdum
389 4092 588 4146 contunduntur
598 4095 745 4162 (niostn'
757 4094 850 4147 Gesch.
868 4095 893 4147 d.
909 4097 956 4151 lsr.
974 4107 1039 4148 tom.
1055 4096 1086 4148 ΙΙ.
1104 4106 1158 4148 not.
1176 4099 1207 4146 4⁸
1223 4093 1261 4144 ed
1277 4093 1325 4149 lib.

184 4163 233 4226 vl,
251 4181 278 4232 p.
295 4160 391 4229 iisd.)
458 4161 483 4228 I)
500 4162 558 4215 Ios.
575 4166 638 4215 Ant.
656 4167 699 4227 20,
717 4167 742 4228 l,
760 4167 783 4214 1.
868 4164 905 4230 m)
922 4162 1007 4231 Quom
1025 4163 1187 4233 Iosephus
1206 4164 1324 4213 servarit

184 4234 248 4283 Ant.
266 4234 308 4291 20,
328 4234 357 4290 1,
376 4232 401 4282 2
468 4230 498 4296 n)
517 4230 539 4279 E
558 4233 643 4282 numis
661 4231 731 4282 enim
750 4241 776 4280 ct
792 4228 925 4298 lapidibus
944 4230 1075 4282 veteribus
1092 4241 1211 4291 constet,
1237 4226 1324 4281 Cleu-

185 4298 258 4347 dinm
277 4306 346 4346 anno
364 4298 405 4348 44.
423 4299 486 4368 imp.
500 4298 577 4360 vlit,
595 4317 664 4350 enno
673 4303 714 4351 45.
728 4299 792 4366 imp.
801 4298 847 4350 xi.
857 4296 957 4348 dictum
975 4316 1039 4365 esse,
1057 4302 1093 4347 ita
1109 4308 1139 4347 ut
1156 4297 1233 4358 hanc,
1255 4315 1325 4364 quse

185 4367 215 4446 in
233 4363 343 4484 eppppolle
360 4365 511 4482 ippsnptur,
528 4366 735 4483 appellationem
751 4368 832 4481 intruv
835 4384 860 4481 p
876 4369 917 4418 44.
916 4376 961 4484 ᾖε
977 4369 1020 4418 45.
1038 4370 1124 4416 ortam
1142 4381 1201 4484 εεὸρ
1214 4381 1325 4480 nepem

184 4443 253 4568 titi.
270 4448 394 4568 pseud).
422 4450 435 4483 e
456 4451 507 4484 m
525 4434 797 4568 (ρἷιάαάάῗεάοηά
823 4451 916 4553 cinis.
939 4433 1087 4552 gffljffi
1109 4435 1150 4554 4⁰8).
1169 4449 1325 4562 §effi

186 4568 217 4638 ρ)
234 4567 269 4619 V.
285 4567 419 4632 Pagina
435 4567 507 4634 (crit.
524 4568 553 4618 in
570 4585 630 4618 ann.
647 4568 706 4618 Bur.
719 4566 950 4635 sda.4u.§.1v.)‚
968 4567 1175 4637 Bssnspius
1193 4566 1270 4635 (unu.
1289 4567 1324 4618 sd

184 4654 209 4688 s.
227 4638 267 4688 db.
287 4637 311 4700 5.
329 4633 384 4694 iu).
437 4634 462 4700 r)
480 4637 546 4687 los.
562 4638 627 4688 Ant.
643 4640 692 4703 2⁰,
708 4639 740 4702 5,
756 4640 787 4688 2:
818 4636 931 4717 Τιβερίῳ
948 4633 979 4686 dt
992 4631 1157 4704 Ἀλεξάνδρῳ
1174 4627 1330 4704 Κοδμανος

184 4701 298 4772 ἀφίκετο
315 4695 463 4770 διάδοχος,
487 4702 535 4754 καὶ
551 4705 661 4772 τελευτᾷ
676 4700 725 4757 τδν
740 4705 802 4769 βίον
815 4698 937 4773 Ἡρωδης
954 4697 969 4755 ὁ
986 4702 1034 4756 τοῦ
1051 4698 1174 4773 μεγάλου
1189 4703 1328 4766 βασιλέως
