2956 5168
210 152 213 161 ι
313 113 397 191 QUO
419 64 535 176 1118118
558 114 599 176 ΙΝ
621 113 793 176 contum
814 111 1109 184 auscultantem.
1280 111 1323 173 25
1440 166 1441 170 ,

94 284 214 364 quidem
234 283 392 362 proverbio
413 304 558 365 quaenam
578 287 732 365 convesst
759 285 908 345 advitam
928 282 1175 365 accommodat'p,
1205 281 1323 345 dissen—
1375 318 1381 326 »

96 371 174 429 tiunt
195 369 260 429 eius
280 370 572 448 interpretationisa
625 390 703 431 ores.
747 370 810 431 Sed
830 376 864 430 ut
885 376 1008 442 taceam,
1031 367 1076 434 de
1091 372 1227 428 semente
1249 365 1323 433 nihil
1400 373 1406 391 '

96 454 238 531 scriptum
261 473 346 528 esse,
375 473 472 533 neque
493 456 553 532 hoc
574 477 591 517 a
613 457 658 529 di,
686 456 744 516 nisi
768 474 804 514 eu
825 455 934 516 lubitur
966 452 1111 532 particula
1133 444 1184 513 ἔτι
1202 447 1232 534 0)
1264 470 1323 512 non

95 537 240 612 admittit,
276 545 310 598 ut
335 539 533 601 universalem
565 540 712 620 quandam
738 543 916 600 sententiam
945 539 1017 597 huic
1046 538 1113 619 loco
1133 538 1235 596 inesse
1257 556 1323 602 ore-

95 622 208 682 damus.
253 622 449 683 Statuendum
476 626 582 704 igitur,
612 627 703 686 verba
730 625 782 684 illa
799 643 914 683 revera
945 629 1069 701 quatuor
1091 627 1160 681 ante
1181 641 1322 696 messem,
1430 626 1432 630 ‘

95 726 172 786 quae
193 707 305 767 Nisauo
328 710 395 768 lieri
415 711 579 789 incipiebat
592 705 638 791 Ρ),
662 711 740 771 dicta
762 728 830 768 esse
849 708 1011 780 mensibus,
1033 708 1064 766 id
1086 712 1143 781 est,
1165 707 1322 767 Marches-

94 811 171 850 vane
199 792 247 852 vel
275 790 402 853 Cislevo.
456 794 517 855 lam
545 814 634 873 quum
655 794 762 854 ludaei
786 794 881 854 tribus
904 799 1018 852 tantum
1039 791 1144 866 festis,
1166 792 1320 872 paschate,
1399 820 1403 831 ·

95 882 280 956 pentecoste,
293 880 480 959 scenopegia,
493 879 699 958 Hierosolyma
720 878 905 939 adscendere
920 878 994 937 iussi
1008 883 1118 950 essent,
1140 871 1322 957 scenopegia

95 967 195 1021 eutem
224 969 256 1023 et
283 968 458 1041 pentecoste
486 965 543 1024 iam
572 970 652 1025 ante*
670 964 916 1024 Marchesranem
943 962 1179 1041 praeteriissent,
1209 961 1322 1042 pascha

94 1047 237 1124 proxime
257 1047 391 1122 instaret,
424 1041 544 1133 ἑορτὴν
564 1049 654 1123 illam,
681 1050 764 1109 cuius
787 1068 875 1107 causa
904 1047 986 1106 lesus
1008 1047 1039 1104 in
1060 1046 1165 1105 urbem
1188 1052 1322 1106 sanctam
1417 1050 1419 1054 ‘

95 1130 250 1208 profectus
273 1133 410 1209 traditur,
432 1153 603 1211 azymorum
620 1133 716 1194 :ferias
732 1134 828 1195 fuisse
850 1132 1028 1191 existimant.
1072 1128 1185 1190 Verum
1207 1150 1260 1189 cur
1282 1130 1321 1189 de

96 1216 243 1275 eiusmodi
273 1217 353 1276 festo
374 1219 563 1298 cogitandum
589 1220 637 1294 sit,
659 1239 717 1297 quo
738 1218 839 1277 ludaei
853 1216 1063 1294 Hierosolyma
1080 1215 1208 1294 migrare
1225 1214 1321 1274 coacti

69 1350 71 1355 .
96 1306 190 1374 erant,
214 1318 272 1361 uon
294 1302 396 1382 liquet,
418 1323 507 1383 quum
529 1304 612 1364 lesus
634 1305 775 1363 ericaenia
817 1321 923 1380 noque,
948 1320 1023 1380 quae
1044 1300 1125 1360 domi
1146 1319 1236 1379 agere
1258 1299 1321 1358 oui-

95 1403 154 1461 que
183 1384 301 1460 licebat,
330 1387 547 1466 Hierosolymis
575 1389 771 1448 celebraverit
788 1323 830 1468 di.
872 1387 990 1447 Deinde
1018 1386 1055 1444 ad
1077 1384 1160 1445 locos
1187 1384 1245 1444 Mt.
1268 1383 1339 1458 12,.

95 1471 194 1548 lsqq.
216 1469 277 1528 Mc.
295 1471 326 1546 2,
339 1469 382 1529 23
395 1492 460 1551 sqq.
483 1472 556 1532 Luc.
570 1473 602 1546 6,
619 1473 713 1550 lsqq.
736 1479 905 1550 provocant,
927 1472 978 1530 ubi
1000 1471 1039 1530 de
1061 1474 1198 1549 tempore
1219 1488 1320 1528 sermo
1418 1476 1427 1489 ·“

94 1558 141 1612 est
162 1559 232 1632 post
253 1555 364 1632 pascha
385 1558 482 1635 posito
504 1552 531 1635 r)
558 1557 636 1636 quod
658 1576 756 1635 neque
777 1557 815 1615 ad
835 1557 963 1636 primum
984 1555 1053 1615 Iesu
1073 1555 1186 1633 pascha
1206 1554 1320 1613 referri
1343 1554 1346 1559 ’

94 1657 185 1716 posse
207 1639 398 1715 contendunt,
428 1642 505 1720 quia,
534 1661 610 1720 quae
631 1642 688 1704 Mt.
712 1640 762 1715 12,
785 1642 813 1700 1.
836 1646 1002 1713 narrantur,
1027 1638 1107 1699 facta
1129 1640 1199 1710 siut,
1229 1658 1320 1716 quum

93 1722 240 1799 baptistes
260 1724 321 1783 iam
341 1725 371 1783 in
394 1745 516 1785 carcere
537 1732 619 1788 esset
640 1722 706 1807 (11,
728 1721 869 1805 2-21.)
891 1726 922 1784 in
946 1744 1033 1802 quern
1055 1722 1151 1802 primo
1175 1723 1319 1803 paschate
1418 1792 1419 1798 ,
1453 1783 1456 1787 ,

93 1805 223 1865 nondum
244 1807 338 1868 fuerit
359 1812 510 1870 coniectus
541 1807 603 1892 (lo.
633 1810 735 1886 213.
759 1808 807 1869 cll.
829 1810 860 1884 3,
881 1810 924 1869 23
947 1805 1045 1887 sqq),
1075 1827 1173 1886 neque
1204 1809 1241 1866 ad
1268 1807 1319 1866 illa

93 1910 205 1968 azyma,
228 1904 304 1971 qnae
327 1894 368 1954 lo.
389 1895 419 1968 6,
434 1895 465 1954 4.
488 1902 765 1971 commemorentur,
788 1897 859 1974 quin⁴
876 1915 943 1957 cam
962 1913 1035 1967 rem,
1058 1911 1134 1971 quae
1150 1891 1207 1952 Mt.
1223 1890 1273 1964 12,
1289 1892 1318 1951 1.

93 1976 236 2051 traditur,
266 1985 375 2038 secuta
395 1981 514 2045 demum
537 1982 577 2040 sit
597 1981 754 2060 quinquies
787 1980 867 2039 mille
894 1979 1045 2038 hominum
1074 1978 1200 2050 cibatio,
1231 1995 1319 2055 quam

93 2058 217 2119 loannes
240 2069 314 2122 ante
335 2064 446 2142 pascha
475 2085 520 2125 er.
542 2066 573 2139 6,
595 2067 625 2125 4.
648 2067 762 2126 dictum
781 2064 919 2138 collocat,
949 2064 990 2145 (r.
1013 2064 1054 2123 lo.
1084 2063 1116 2137 6,
1137 2062 1159 2121 4
1182 2082 1246 2141 sqq.
1270 2060 1318 2119 cll.

93 2143 150 2216 Mt.
167 2145 224 2220 ¹14,
247 2147 287 2213 13
298 2167 363 2226 sqq.
385 2149 446 2208 Mc.
468 2151 498 2223 6,
520 2150 561 2209 31
584 2170 650 2231 sqq.
672 2150 745 2210 Luc.
767 2151 798 2224 9,
817 2145 949 2230 lllsqq.)
968 2144 1010 2230 ⁸).
1054 2147 1122 2207 Sed
1138 2147 1207 2226 quia
1230 2164 1319 2206 eran-

93 2228 219 2306 gelistae
249 2236 312 2292 tres
340 2235 457 2312 priores
486 2253 544 2294 uon
574 2255 642 2294 eum
671 2242 790 2295 serrant
811 2236 842 2294 in
864 2241 1031 2313 temporum
1052 2233 1215 2292 rationibus
1239 2231 1319 2291 ordi-

93 2331 179 2388 nem,
208 2321 242 2374 nt
270 2335 306 2375 ea
334 2338 401 2392 res,
443 2339 519 2397 quae
548 2327 624 2400 post
650 2320 822 2380 miraculum
848 2319 919 2378 illud
947 2314 1100 2391 traditur,
1137 2336 1195 2376 non
1223 2315 1319 2394 possit

95 2400 406 2476 arctea'facta'esse:
434 2423 531 2484 neque
552 2405 609 2464 hac
630 2407 755 2479 ratione,
786 2405 828 2463 lo.
850 2403 880 2477 5,
904 2404 933 2463 1.
963 2405 1001 2463 de
1030 2402 1174 2482 paschate
1204 2420 1317 2461 sermo-

92 2501 162 2542 nem
179 2504 257 2558 esse,
280 2488 431 2564 probatur.
452 2522 496 2532 -
519 2489 679 2550 Praeterea
699 2489 837 2549 Paulus
862 2485 888 2571 ²)
909 2509 995 2548 usum
1016 2487 1156 2566 loquendi
1175 2485 1316 2565 appellat,

93 2586 152 2645 quo
173 2588 229 2627 vox
251 2562 348 2655 ἑορτὴ
371 2591 430 2633 ιιοιι
451 2572 551 2633 addito
572 2574 644 2635 festi
666 2576 800 2648 nomine,
829 2575 859 2632 in
882 2573 1043 2652 evangeliis
1066 2591 1185 2650 semper
1206 2570 1317 2651 paseha

93 2653 240 2731 designet.
284 2656 344 2716 Sed
373 2657 429 2717 Mt.
460 2658 511 2733 27,
542 2657 593 2718 15.
620 2660 683 2719 Mc.
704 2658 761 2734 15,
790 2660 820 2717 6.
848 2658 921 2719 Lue.
951 2659 1003 2732 23,
1032 2658 1083 2717 17.
1110 2657 1202 2716 verba
1231 2649 1316 2716 κατὰ

93 2727 375 2821 {coniurationia
396 2749 479 2803 sunt:
510 2745 641 2823 singulis
653 2746 752 2822 festis
769 2739 813 2825 v);
843 2743 917 2804 locis
944 2762 1016 2803 vero
1037 2741 1094 2802 Mt.
1116 2740 1167 2814 26,
1189 2738 1219 2800 5.
1241 2739 1315 2798 Luc.

92 2821 122 2894 2,
145 2822 197 2881 42.
225 2823 267 2882 lo.
289 2827 319 2899 4,
341 2825 392 2885 45.
424 2828 475 2901 11,
497 2827 548 2888 56.
578 2830 629 2904 12,
652 2829 702 2888 12.
734 2829 803 2888 ideo
830 2828 942 2908 pascha
974 2816 1190 2909 simpliciterr‘p
1215 2815 1314 2908 ἑορτὴ

91 2914 222 2981 vocatur,
253 2911 320 2987 quio
349 2912 447 2989 ipsum
475 2911 617 2973 feriarum
644 2933 753 2974 nomeu
779 2914 930 2973 antecedit
946 2908 1013 2995 =(cf.
1035 2911 1091 2971 Mt.
1114 2911 1165 2984 26,
1188 2909 1218 2969 2.
1241 2908 1315 2968 Luc.

48 2989 53 2997 ’
77 2990 124 3070 ,2,
147 2990 199 3050 41.
221 2992 262 3053 lo.
284 2994 459 3067 2,13.23.
483 2998 534 3072 11,
555 2996 640 3082 55.);
670 3000 776 3058 cadem
804 3018 928 3079 prorsus
948 2998 1072 3070 ratione,
1100 2995 1316 3075 quataberna·

91 3075 224 3136 culorum
245 3077 356 3138 festum
378 3081 418 3140 lo.
440 3083 471 3157 t,
492 3085 524 3145 8.
548 3085 671 3143 1611.
698 3084 765 3158 14.,
796 3086 864 3163 quia
893 3075 1120 3166 σκηνοπηγίας
1141 3079 1316 3140 vocabulum

91 3163 245 3241 praecedit
267 3159 309 3246 (v.
331 3161 387 3248 2.),
410 3169 526 3228 nonnisi
546 3160 566 3252 ἦ
591 3161 689 3255 ἑορτὴ
713 3175 906 3248 nuncupatur.
1240 3196 1241 3202 ¹

177 3246 377 3310 Gravissimac
397 3270 469 3312 vero
491 3260 573 3328 sunt,
604 3273 642 3314 ex
663 3274 730 3314 meo
752 3255 870 3333 quidem
893 3253 1069 3325 senteutia,-
1088 3268 1206 3324 causae,
1228 3269 1314 3327 quae,
1360 3276 1363 3297 =

92 3333 245 3409 quominus
279 3334 316 3393 de
349 3339 460 3415 azymis
483 3339 606 3416 cogitari
627 3340 736 3418 possit,
758 3340 933 3418 impediunt.
965 3337 1102 3396 Primum
1124 3335 1203 3395 enim
1225 3355 1315 3412 quum

91 3415 215 3476 loannes
237 3418 350 3497 reliqua
371 3424 477 3497 omnia,
500 3443 574 3502 quae
596 3431 823 3497 commemorat,
844 3425 923 3483 festo
945 3423 1007 3482 suis
1029 3422 1168 3500 designet
1189 3420 1315 3479 nomini—

91 3501 167 3574 bus,
195 3503 245 3561 ubi
277 3522 347 3563 vero
370 3506 408 3566 de
429 3507 572 3585 paschate
593 3509 737 3588 loquitur,
770 3509 837 3586 plus
868 3508 961 3567 semel
984 3528 1039 3581 ea,
1062 3525 1137 3584 quae
1158 3505 1206 3564 his
1228 3503 1314 3563 feriis

92 3587 238 3661 convenit,
259 3589 458 3666 appellatione
480 3597 580 3651 utatur
601 3590 645 3675 (2,
669 3593 719 3652 13.
740 3593 791 3653 23.
813 3593 844 3666 6,
866 3591 897 3651 5.
921 3593 970 3665 11,
992 3590 1043 3650 55.
1065 3591 1115 3664 12,
1138 3591 1168 3650 1.
1191 3584 1313 3670 13,1.),

91 3688 147 3729 nec
169 3672 227 3731 uisi
248 3678 311 3732 tum
333 3674 509 3755 simpliciter
539 3671 598 3762 τὴν
621 3670 739 3764 ἑορτὴν
761 3679 975 3755 vocet,'quum
997 3695 1034 3736 ex
1057 3675 1312 3747 antecedentibus,

92 3838 296 3853 *hu—m

126 3965 136 3971 ν
157 3940 185 4005 ο)
203 3941 303 3992 Pauci
330 3943 369 3992 illi
396 3943 503 3995 codices
526 3957 551 3996 et
573 3957 676 4015 patres,
704 3946 749 4016 qui
773 3945 812 3998 ἔτι
835 3947 964 3998 omittunt
989 3948 1028 4014 (v.
1048 3945 1151 3998 Griesb.
1178 3942 1213 3993 ad
1231 3943 1258 3991 h.
1278 3941 1311 4006 l.)

121 4014 123 4020 '
156 4009 226 4058 nihil
250 4009 341 4058 valent
363 4023 454 4060 contra
479 4012 601 4063 codicum
628 4017 789 4085 optimorum
815 4016 1009 4066 auctoritatem.
1036 4055 1040 4064 .
1077 4016 1109 4083 p)
1134 4013 1170 4067 V.
1196 4009 1311 4060 Buhlii

138 4076 262 4129 scalend.
288 4076 454 4129 Palaestinae
478 4083 680 4132 oeconomicum
704 4082 754 4133 sub
778 4083 911 4134 mensibus
930 4084 1029 4134 Martio
1052 4094 1079 4133 et
1096 4081 1201 4150 Aprili3
1219 4078 1240 4126 P
1248 4095 1311 4125 au-

155 4143 222 4193 lum
240 4144 512 4199 ctKuinoelium
530 4147 950 4215 ad10.4,³5.1³aulsenium‚
969 4151 1112 4201 Aclerbau
1128 4143 1309 4211 aMorglder,

157 4229 186 4279 p.
203 4213 305 4291 4iqqq.
372 4215 405 4332 q)
422 4216 460 4266 lo.
481 4216 522 4279 10,
541 4219 584 4268 22.
653 4218 679 4283 r)
697 4216 891 4286 Quamcunque
909 4219 981 4270 enim
999 4218 1089 4268 foveas
1107 4216 1141 4266 de
1159 4211 1310 4282 significatu

157 4297 200 4329 vv.
219 4285 356 4345 σαββατον
392 4276 595 4353 ευτερόπρωτον
611 4287 787 4348 sententiam,
813 4298 884 4337 certe
902 4288 972 4338 circa
989 4285 1088 4356 pascha
1106 4282 1176 4334 illud
1193 4283 1309 4352 positum

158 4347 240 4398 luisse
258 4347 321 4398 inde
339 4363 459 4417 apparet,
479 4350 552 4419 quod
570 4370 602 4402 eo
620 4351 664 4402 dic
683 4351 807 4423 discipuli
829 4355 888 4405 Iesu
913 4355 1005 4404 aristas
1029 4365 1147 4403 maturas
1165 4350 1309 4416 decerpse-

157 4426 229 4466 runt.
264 4416 373 4466 Plurimi
391 4418 516 4487 paschotc
534 4422 617 4470 serius
641 4420 731 4485 luisse,
755 4432 867 4491 putent,
887 4424 949 4490 quia
976 4423 1093 4472 maxima
1119 4438 1180 4472 oum
1206 4416 1310 4486 proba-

159 4483 263 4534 bilitate
290 4484 407 4552 primum
438 4498 499 4556 post
523 4488 669 4539 secundum
696 4507 851 4558 azymorum
882 4490 953 4542 diem
979 4490 1118 4540 sabbatum
1143 4486 1308 4552 intelligitur.

45 4588 47 4594 ,
160 4552 187 4617 s)
205 4552 280 4602 Hauc
306 4555 465 4604 sententiam
510 4574 555 4607 rae
577 4556 688 4627 reliquis
716 4557 919 4610 Stiskindius
946 4557 1068 4610 defendit
1089 4557 1106 4609 l.
1129 4557 1147 4606 l.
1167 4557 1190 4619 l,
1214 4573 1240 4622 p-
1260 4549 1309 4601 185

159 4617 261 4673 ...194Ο
331 4620 354 4687 ι)
373 4574 646 4693 (ζοωω.2,,ρ,908.
715 4628 746 4705 p)
764 4626 800 4678 V.
826 4626 1061 4678 Fritzsohiua
1080 4623 1115 4677 ad
1133 4624 1183 4678 Mt.
1202 4623 1249 4686 ²7,
1266 4616 1307 4670 15·
