2978 5168
177 262 223 338 81
349 255 436 322 (ldl'.
457 255 506 319 ιιι.
548 252 605 320 ult
626 252 890 319 TEMPORIBUS
908 254 1058 318 ΕΑιιιιΜ
1078 254 1235 333 ιιιιιιιιιι,

180 430 300 512 quidem
321 424 447 491 claudio
466 429 584 489 mortuo
605 443 673 488 cum
692 425 832 505 reliquis,
854 426 906 506 qui
927 424 1114 502 cantassent,
1140 424 1257 490 ludaeis
1270 422 1400 490 Romam

180 513 332 576 redierim.
374 510 472 593 Negat
491 518 606 587 sutem,
633 510 792 573 ecclesiam
812 512 870 572 iam
891 510 989 572 denuo
1010 512 1158 571 coruditam
1178 512 1283 587 citius,
1310 530 1400 592 quam

178 597 313 680 pluribus
334 596 419 658 annis
439 596 651 677 praeterlapsis
674 602 755 657 tauta
776 615 884 676 capere
905 597 1088 657 incrementa
1109 596 1260 675 potuisse,
1288 604 1400 676 quauta

179 702 261 757 eam,
282 700 373 763 quum
394 698 444 763 ep.
457 679 509 741 illa
522 681 725 755 scriberetur,
748 682 866 761 cepisse
881 680 1148 759 deprehendamus.
1190 680 1294 761 ltaque
1308 700 1401 761 quum

180 767 322 829 claudius
336 786 363 826 a.
377 762 408 827 d.
429 763 475 826 tlt.
499 762 570 827 lelus
591 764 738 827 Octobres
759 766 828 827 anui
849 764 901 827 54.
924 764 1048 839 obierit,
1069 766 1124 825 luas
1147 763 1249 825 literas
1265 766 1315 825 vix
1328 772 1403 827 autc

89 907 97 926 ,
179 857 323 914 aestatem
349 870 376 911 ιι.
397 846 451 915 58.
478 850 571 912 scribi
600 850 735 929 potuisse
755 850 860 911 credit.
904 848 966 910 Sed
987 849 1097 911 utalia
1119 858 1286 923 taceamus,
1318 850 1403 911 uude

176 936 298 997 taudem
313 937 446 1010 constat,
462 932 592 1013 ¹ludaeos
606 934 727 997 Nerone
744 934 862 995 demum
883 934 1050 1014 imperante
1070 934 1195 995 Romam
1218 934 1403 1016 repetiisset

178 1020 260 1099 Quos
282 1024 315 1081 ut
335 1016 533 1083 concedamus
555 1037 613 1080 non
634 1020 717 1099 prius
739 1018 881 1082 rediisse:
910 1038 980 1085 num
1001 1018 1151 1099 longiore,
1173 1038 1261 1099 quam
1277 1019 1404 1093 biennii,

177 1111 212 1167 ut
235 1102 361 1166 multum
393 1103 516 1178 demus,
545 1104 641 1184 spatio
669 1123 744 1184 opus
774 1109 855 1181 erat,
890 1102 987 1163 donec
1015 1109 1047 1163 et
1076 1110 1278 1165 reverteretur
1299 1111 1403 1166 tantm

177 1190 354 1253 ludaeorum
385 1184 537 1249 euentum
566 1188 726 1249 colentium
759 1206 917 1261 numerus,
951 1195 983 1248 et
1013 1187 1141 1248 ecclesia
1172 1188 1305 1251 Romana
1332 1208 1404 1251 eam

177 1274 316 1337 indueret
336 1272 481 1349 formam,
503 1290 580 1351 quae
599 1273 630 1333 in
643 1292 692 1352 ep.
712 1280 814 1335 nostra
834 1272 1039 1333 desedbiturt
1085 1273 1179 1332 Porro
1202 1272 1245 1352 (p.
1263 1271 1402 1354 lbbsq.)

179 1376 217 1423 cx
238 1378 301 1438 cap.
324 1357 355 1433 1,
374 1374 401 1418 v.
425 1354 477 1417 lt.
498 1359 640 1437 cognosci
662 1364 779 1433 munet,
800 1356 937 1430 Paulum,
960 1374 998 1417 ex
1019 1375 1077 1436 quo
1098 1358 1223 1418 llornam
1244 1358 1404 1437 proficisci

178 1442 368 1516 decreverit,
395 1458 493 1521 utque
519 1442 590 1502 dum
610 1442 665 1503 bas
685 1441 790 1503 literas
811 1448 961 1517 exararet,
991 1442 1080 1501 variis
1101 1443 1191 1504 rebus
1212 1444 1321 1505 iterum
1342 1444 1404 1504 ite

177 1546 319 1608 rumque,
363 1527 519 1605 quominus
547 1527 737 1607 propositum
776 1532 952 1606 perageret,
995 1526 1169 1607 impeditum
1209 1546 1286 1589 esse.
1337 1526 1403 1591 lam

177 1631 251 1675 vero
278 1610 445 1693 apostolum
472 1610 561 1673 buius
593 1612 710 1672 itineris
737 1612 891 1672 consilium
919 1630 976 1672 uec
1005 1613 1090 1690 prius
1121 1631 1230 1692 capere
1261 1612 1404 1692 potuisse

179 1702 299 1773 cenam,
335 1712 424 1775 quam
452 1694 574 1759 Nerone
599 1695 637 1756 ad
668 1697 826 1776 imperium
852 1700 973 1769 evecto,
1009 1714 1100 1774 quum
1127 1695 1244 1757 ludaeis
1271 1695 1403 1761 Romam

179 1782 280 1845 redire
306 1778 424 1856 liceret,
458 1796 533 1855 uec,
568 1784 649 1842 teste
676 1782 796 1861 quidem
826 1779 892 1841 loco
920 1780 987 1839 Act.
1017 1781 1068 1854 ltl,
1089 1780 1160 1856 21„
1181 1787 1251 1842 aute
1278 1783 1403 1862 cepisse

179 1867 291 1943 sideri,
325 1882 414 1944 quern
442 1882 533 1944 quum
560 1864 675 1945 Ephesi
696 1866 830 1927 ultimum
852 1870 1021 1925 versaretur
1043 1862 1082 1947 (i.
1106 1884 1133 1926 e.
1155 1883 1248 1940 auno,
1276 1872 1309 1927 ut
1330 1869 1403 1949 ipse

179 1952 342 2025 existimat,
364 1945 443 2027 50).
484 1948 588 2027 ltaque
606 1952 736 2029 spatimn
758 1949 837 2009 baud
858 1950 996 2029 exiguum
1016 1949 1097 2011 inter
1116 1950 1194 2012 banc
1215 1956 1346 2013 aetatem
1368 1955 1403 2013 et

178 2042 298 2115 tempus
319 2033 451 2112 scriptae
469 2033 510 2093 ad
530 2032 617 2092 Rom.
642 2054 691 2114 ep.
711 2035 900 2096 interiectum
920 2032 1016 2093 fuisse
1038 2034 1159 2115 colligit
1200 2035 1242 2096 At
1264 2037 1402 2115 quamvis

178 2120 371 2201 largimur„
388 2114 423 2177 ι’.
450 2133 511 2179 non
537 2116 628 2179 facile
654 2119 736 2199 prius
765 2118 822 2179 sibi
850 2136 1019 2199 proponere
1039 2120 1190 2199 potuisse,
1219 2124 1253 2180 ut
1273 2118 1417 2183 Romam

179 2206 340 2284 migraret,
369 2218 458 2280 quam
487 2220 546 2283 quo
571 2206 708 2283 tempore
737 2202 853 2264 ludaeis
880 2203 976 2264 aditus
1004 2204 1035 2263 iu
1065 2223 1129 2265 eam
1151 2204 1257 2266 urbem
1286 2205 1400 2267 iterum

179 2292 313 2370 pateret:
358 2290 475 2362 tamen,
510 2293 544 2348 ut
568 2288 656 2349 modo
682 2287 892 2363 indicavimus,
921 2285 998 2347 hauc
1025 2289 1063 2349 iis
1082 2289 1197 2350 veniam
1218 2307 1276 2349 non
1299 2288 1403 2351 dnum

181 2391 251 2436 erse
270 2370 330 2433 nisi
348 2374 420 2450 post
440 2370 558 2433 claudit
584 2371 758 2448 decessum,
785 2391 874 2433 nemo
903 2390 976 2433 saue
1005 2375 1097 2433 certis
1118 2374 1289 2452 probaverit
1309 2394 1403 2455 argu-

180 2456 305 2533 meut’m3
338 2472 413 2533 nec,
446 2455 526 2537 quod
552 2455 639 2518 Scbr.
665 2463 824 2537 praeterea
844 2459 1029 2537 suspicatur,
1060 2457 1227 2538 apostolum
1248 2478 1307 2519 uon
1327 2468 1403 2522 ante

181 2562 247 2605 eam
267 2544 411 2618 aetatem,
432 2540 473 2601 de
492 2559 551 2622 qua
570 2542 637 2604 Aet·
659 2542 710 2618 19,
731 2542 783 2603 21.
804 2542 895 2603 verba
916 2542 1003 2613 liant,
1025 2543 1220 2623 profectionis
1241 2544 1402 2605 consilium

180 2627 318 2707 cepisse,
354 2624 414 2687 ulla
440 2626 639 2689 demonstrari
673 2632 774 2706 potest
808 2628 932 2687 ratione
987 2626 1068 2689 Loco
1094 2626 1225 2708 dertiqsae
1252 2647 1318 2710 cap.
1345 2628 1401 2705 15,

180 2733 208 2773 v.
223 2709 372 2774 rat-24.
393 2710 517 2773 Paulum
537 2710 706 2793 significare
726 2712 814 2787 dicit,
836 2731 871 2775 se
885 2712 972 2788 ideo,
993 2716 1072 2791 qued
1087 2715 1125 2774 ad
1138 2711 1287 2793 illyricum
1301 2732 1402 2795 usque

182 2796 345 2859 doctrlmm
372 2794 570 2861 Christianam
595 2796 632 2859 iis
658 2796 769 2858 aiierre
798 2796 963 2870 studuerit,
995 2798 1101 2877 quibus
1130 2797 1181 2859 illa
1201 2797 1331 2861 nondum
1351 2800 1401 2861 in-

181 2882 349 2956 notuisset,
376 2880 470 2945 multo
491 2882 617 2956 diutius,
649 2901 736 2963 quam
757 2881 841 2961 prius
861 2880 1019 2958 voluisset,
1040 2883 1072 2943 in
1093 2882 1210 2944 Maced.
1234 2890 1265 2945 et
1284 2882 1402 2947 Achaia

180 2973 342 3041 moratum,
364 2985 460 3047 eoque
473 2968 539 3047 ipso
555 2967 711 3047 bucusque
731 2966 913 3047 prohibitum
934 2985 1018 3043 esse,
1040 2968 1194 3045 quominus
1216 2968 1340 3029 Romam
1364 2986 1401 3031 ee

180 3050 334 3115 conferret
348 3045 395 3132 (p.
409 3046 552 3133 libbam).
573 3051 635 3113 Nos
650 3051 930 3135 peregrinationem,
943 3052 974 3111 in
989 3070 1048 3131 qua
1061 3051 1096 3115 P.
1111 3048 1211 3137 μέχρι
1224 3052 1286 3118 τοῦ
1294 3044 1401 3119 Ἰλλυ-

179 3134 280 3221 ρικοῦ
299 3136 380 3197 venit
393 3134 436 3217 l),
456 3138 582 3199 eandem
603 3156 682 3213 esse,
702 3156 779 3217 quae
792 3135 859 3197 Act.
881 3136 934 3212 20,
948 3136 1054 3199 1-3.
1068 3138 1203 3213 traditur,
1217 3157 1277 3200 nou
1289 3156 1401 3219 possu-

179 3240 246 3284 mus
274 3221 346 3303 quin
374 3218 571 3285 macedamus
585 3217 627 3305 l);
658 3227 689 3286 at
716 3220 964 3304 quemadmodum
995 3220 1027 3284 iu
1057 3222 1228 3285 urdversum
1255 3242 1315 3286 non
1343 3240 1400 3287 ne-

247 3504 277 3570 l)
296 3504 515 3559 Schraderua
532 3505 635 3579 aliique
652 3526 687 3561 ex
704 3508 746 3561 bis
765 3507 854 3561 verbis
870 3508 978 3561 nonnisi
994 3508 1065 3561 illud
1080 3509 1157 3579 sequi
1173 3516 1282 3591 putant,
1298 3522 1343 3577 ap.
1360 3510 1401 3560 ad

246 3572 342 3624 limites
359 3592 440 3645 usque
455 3572 556 3645 lllyrici
571 3576 736 3645 pervenisse,
753 3595 841 3647 aeque
857 3595 920 3631 vero
936 3578 1006 3632 bane
1022 3577 1158 3645 regionem
1174 3593 1258 3647 speum
1274 3575 1399 3629 intrasse.

247 3638 288 3692 At
303 3642 327 3693 si
342 3643 390 3709 tt,
415 3654 446 3693 ut
460 3645 605 3726 terminum
622 3644 774 3713 designaret
783 3664 865 3725 teum,
892 3644 928 3727 ad
948 3661 1029 3727 quem
1042 3644 1214 3727 evangelium
1230 3642 1398 3713 pertulisset,

247 3726 534 3845 ιῖιῗιιῖῗῖιᾞῖἶ
547 3710 626 3831 izit
643 3712 1401 3850 ιζΐιᾙὲἶ,Ιιιέῗίἷέῗιιέῗζιοέἶιῗιῗιῖοὲιῗῖιῖῐ

245 3845 293 3897 rix
310 3862 341 3897 ac
356 3862 392 3899 ne
406 3847 454 3898 rix
490 3798 580 3901 uigerm
597 3859 697 3917 postet.
817 3847 839 3915 l)
857 3850 950 3918 Neque
972 3848 1043 3899 enim
1067 3848 1166 3900 Paulus
1185 3847 1241 3899 alio
1257 3859 1399 3965 tempore,

246 3910 452 3984 quandoque
496 3926 529 3967 ct.
548 3920 592 3979 20,
605 3918 661 3966 1-3.
679 3914 760 3967 rerba
783 3913 867 3979 fiunt,
893 3928 949 3967 tam
965 3934 1051 3986 prope
1070 3916 1104 3967 ab
1126 3916 1178 3968 luae
1199 3926 1270 3967 terra
1293 3932 1307 3965 a
1328 3912 1399 3981 fuir,

245 3991 278 4031 ιιι
301 3998 362 4032 earn
383 3982 496 4035 intrasse
520 3980 575 4033 diei
598 3982 698 4050 possit3
732 4000 794 4034 nam
822 4002 856 4035 ne
879 3985 909 4033 in
931 3987 1146 4053 peregrinatione
1169 3982 1278 4066 quidem
1299 3982 1401 4034 Mace-

245 4045 343 4100 donica
364 4048 431 4109 Act.¹
451 4066 490 4102 cc.
515 4051 555 4103 16.
579 4060 606 4099 et
628 4051 669 4103 17.
697 4061 804 4101 murata
825 4050 870 4101 rel
897 4050 934 4101 sd
960 4054 1088 4104 terminos
1110 4052 1143 4102 lll
1189 4053 1213 4103 ei
1242 4060 1399 4103 accesserat.

247 4111 372 4168 Ceterum
394 4131 451 4170 non
473 4116 531 4168 sine
555 4115 748 4187 probabilitate
764 4118 790 4167 N
796 4118 924 4170 eander
941 4118 1049 4185 (Gescb.
1067 4119 1094 4173 d.
1111 4122 1130 4171 P
1152 4136 1258 4187 aasung
1273 4116 1301 4171 d.
1317 4117 1399 4178 chatl.

243 4182 419 4237 Kirebeetc.
443 4194 507 4236 torn.
524 4182 545 4235 ι.
565 4204 591 4253 p.
608 4188 710 4255 etseq.
733 4196 790 4239 not.
807 4187 854 4247 ³.)
877 4206 912 4238 ex
936 4186 1044 4239 alterius
1067 4186 1103 4239 sd
1126 4186 1190 4243 Gor.
1216 4189 1397 4256 ep.cap.10,

243 4269 288 4305 ra.
307 4254 409 4304 14-16.
427 4250 551 4304 concludi
567 4269 646 4323 posse
664 4254 815 4320 existimat,
838 4255 967 4320 Paulum,
985 4274 1039 4326 quo
1056 4268 1178 4326 tempore
1195 4254 1262 4305 baec
1279 4253 1399 4323 scripse-

244 4318 297 4383 rit,
322 4316 474 4371 dectrinem
498 4318 642 4372 salutarem
664 4320 787 4373 nondum
809 4320 882 4374 ultra
905 4324 1037 4375 Achaiam
1053 4340 1229 4393 propagasse,
1258 4338 1342 4391 eaque
1359 4318 1397 4372 de

246 4401 325 4435 eausa
341 4386 394 4438 iter
409 4385 551 4455 Illyricum
568 4390 593 4439 ei
609 4388 782 4441 tribuendum
799 4408 857 4441 esse
874 4392 971 4459 aetati,
995 4409 1064 4462 quae
1083 4393 1154 4442 inter
1169 4400 1308 4441 exaratam
1324 4388 1397 4441 hamc
1436 4439 1444 4462 ,

245 4468 289 4573 3,
307 4464 334 4504 et
349 4453 441 4505 literas
456 4454 492 4505 ad
509 4456 586 4507 Rom.
605 4456 681 4509 datas
699 4458 840 4509 interiecta
856 4458 946 4510 fuerit.
963 4488 998 4501 -
1022 4460 1206 4511 Beronius
1225 4458 1300 4523 (ann.
1317 4454 1353 4507 ad
1369 4474 1396 4509 a.

288 4558 295 4573 .
312 4524 354 4575 50.
371 4521 435 4573 Ner.
452 4526 478 4575 2
494 4526 518 4587 §-
528 4524 628 4590 XLV.)
646 4544 660 4576 a
698 4525 797 4577 stolum
815 4526 883 4577 intra
901 4538 954 4577 tres
970 4525 1044 4591 illos,
1064 4544 1130 4595 quos
1147 4529 1177 4577 in
1194 4525 1307 4577 Graecia
1317 4541 1395 4581 ,ero-

245 4588 328 4656 gerit,
355 4605 459 4644 menaea
481 4590 555 4655 (Act.
572 4596 616 4660 10,
634 4544 724 4661 &fuir
748 4592 885 4662 illyricum
903 4610 1011 4663 quoque
1029 4596 1131 4645 venisse
1151 4592 1311 4661 arbitratur3
1340 4596 1411 4662 qua.
