2956 5168
225 191 353 274 ,QUAE
365 190 460 256 AGT.
476 189 585 254 CAPP.
605 186 848 255 xv-xxvm.
864 185 1169 253 comessurus
1182 186 1216 250 ll.
1247 266 1251 275 J
1282 186 1345 250 us

124 365 228 429 venire
251 365 386 445 potuisse
397 359 440 446 l).
481 363 523 423 At
549 378 625 420 anno
646 357 698 420 5⁶1.
719 359 850 421 Aderam
871 359 997 421 alterum
1014 359 1150 437 ,additum
1172 378 1256 433 esse,
1284 376 1344 419 non

124 469 282 532 possumus
304 450 375 528 quin
396 464 549 527 negemus.
567 445 688 505 Etenim
709 464 799 525 quum
819 446 878 505 ism
899 463 974 504 anno
996 445 1191 504 antecedente
1211 444 1251 522 (a.
1267 440 1345 525 no),

125 556 164 597 ne
185 534 336 615 paschatis
358 533 423 595 dies
451 529 598 592 secundus
627 538 697 591 ante
723 529 941 607 aequinoctium
969 529 1134 608 inciperet,
1168 529 1347 589 intercalan-

126 621 196 680 dum
210 620 320 680 fuisset
335 615 376 701 l),
398 635 510 696 neque,
533 621 566 675 ut
585 613 711 675 vidimus
721 615 780 693 m)‚
803 615 855 674 illa
874 619 972 673 aetate
994 613 1071 672 binis
1092 614 1175 674 annis
1198 614 1345 675 coutinuis
1409 638 1417 651 ²

125 705 272 766 tredecim
303 722 423 763 menses
458 701 679 775 tribuerentur,
718 721 745 765 e.
770 696 823 758 bi.
858 697 1009 777 vulgarem
1044 697 1140 758 fuisse
1175 699 1346 758 necessario

126 790 270 867 sequitur.
335 787 479 862 Quoniam
509 784 599 863 igttm
631 785 716 845 solus
744 788 904 863 superest,
939 782 978 841 de
1013 800 1071 860 quo
1100 783 1230 862 cogitare
1260 784 1345 844 nobis

95 892 97 897 ·
125 873 232 948 liceat,
255 891 356 932 onnus
376 869 438 947 58,
470 869 560 928 duic
591 885 691 928 anno
718 869 904 932 ultimum
933 863 1054 926 Pauli
1085 867 1161 928 iter
1196 865 1344 927 Hiero-

126 959 408 1037 solymitcnum
442 955 652 1033 assignare
679 974 737 1018 non
759 945 992 1032 dubiumne).

127 1154 332 1164 ——--·--—-

386 1242 404 1277 ·
1326 1252 1330 1267 r

195 1290 356 1343 ludaeorum
373 1301 450 1343 extra
466 1302 563 1342 terram
580 1301 697 1345 sanctam
721 1286 903 1343 habitantium
925 1286 1042 1339 maxime
1057 1284 1184 1350 referret,
1202 1284 1271 1338 festa
1288 1284 1348 1338 sin}
1376 1348 1379 1353 .

195 1359 258 1427 gula
276 1359 372 1411 eodem
389 1377 450 1409 cum
467 1358 710 1410 Palaestinensibus
737 1369 860 1426 tempore
885 1354 1035 1407 celebrare:
1065 1355 1139 1406 haud
1165 1354 1248 1406 dubie
1272 1355 1348 1407 omni

194 1426 286 1478 studio
304 1428 333 1477 in
351 1444 383 1477 eo
409 1425 599 1489 elaborabant,
626 1439 655 1476 ut
671 1429 700 1476 in
724 1422 837 1492 ligandis
861 1423 992 1475 mensium
1016 1423 1156 1505 principiis
1181 1422 1274 1474 lunam
1290 1440 1352 1475 nonv
1418 1410 1425 1429 ’

195 1495 283 1545 minus
306 1503 444 1556 accurate,
469 1511 550 1561 quam
576 1493 628 1560 illi,
653 1503 837 1561 sequerentur.
879 1491 948 1541 Nam
975 1499 1027 1542 etsr
1057 1492 1199 1560 scriptores
1221 1488 1349 1560 Hebraei,
1390 1500 1407 1513 '·

196 1560 326 1630 quamdiu
350 1559 503 1627 synedrium
528 1572 614 1628 esset,
648 1561 754 1612 nonnisi
778 1561 808 1609 in
835 1557 987 1608 Palaestina
1012 1561 1024 1624 (
1045 1576 1186 1627 uamquam
1212 1560 1351 1610 non'nine

192 1631 271 1680 ‘omni
289 1630 444 1698 exceptione
474 1627 508 1680 cf.
522 1629 633 1680 Maim.
650 1627 669 1680 l.
682 1646 705 1679 e.
717 1647 745 1698 p.
756 1626 830 1690 344.)
848 1625 982 1676 Kalendae
1000 1575 1107 1676 ddhniri
1123 1625 1232 1676 licuisse
1250 1625 1350 1677 docent

91 1744 95 1757 ,
198 1698 238 1764 (v.
255 1696 370 1747 Maim.
397 1665 465 1748 ibid.
482 1715 510 1777 p.
528 1700 578 1749 843
589 1714 647 1765 sqq.
664 1700 757 1762 362),
783 1694 835 1745 hoo
856 1704 947 1744 tamen
968 1694 1076 1744 nonnisi
1101 1691 1136 1742 de
1152 1692 1282 1744 Kalendis
1298 1695 1351 1744 rite

197 1764 386 1815 constituendis
404 1763 520 1832 intelligi
559 1775 643 1826 otest;
671 1760 794 1814 omnibus
821 1762 892 1813 eninr
909 1759 1030 1826 ludaeis,
1049 1761 1153 1817 etiamsi
1169 1763 1349 1831 terrasjnoo-

197 1830 286 1883 lerent
302 1831 454 1898 longissime
471 1849 487 1882 a
504 1783 559 1883 Pal.
576 1841 711 1895 remotas,
737 1827 855 1897 agendas
872 1845 903 1880 eo
925 1845 957 1879 ue
974 1830 1034 1898 ipso
1060 1825 1225 1878 definiendas
1242 1845 1351 1897 quoque
1442 1890 1446 1895 ,

195 1898 278 1950 luisse
294 1901 463 1963 neomenias,
487 1917 536 1966 per
559 1915 588 1950 se
605 1909 688 1966 patet.
733 1898 788 1947 Iam
812 1913 878 1948 raro
896 1914 913 1945 ιι
933 1898 1049 1965 icuoque
1066 1897 1137 1946 iusto
1155 1905 1277 1964 tempore
1293 1913 1351 1948 non

197 1965 414 2034 comperiebant,
441 1964 509 2035 quid
534 1965 692 2034 synedrium
717 1963 752 2015 de
776 1965 907 2014 mensium
930 1965 1014 2013 initiis
1039 1961 1214 2026 decrevisset,
1241 1961 1353 2026 ibisne
1438 1998 1441 2003 Α
1463 2020 1466 2025 ,

198 2051 300 2085 errores
318 2044 459 2096 carerent,
477 2052 511 2085 ne
529 2045 653 2102 poterant
670 2031 788 2102 quidem,
807 2032 874 2101 quin
889 2029 1025 2081 Kalendas
1047 2031 1085 2081 sic
1102 2027 1232 2098 figerent,
1257 2031 1299 2080 uti
1315 2031 1352 2083 its
1456 2044 1466 2065 '-

195 2100 341 2164 rideretur,
358 2103 404 2168 qui
421 2102 450 2150 in
468 2117 499 2151 ea
515 2118 544 2152 re
561 2099 734 2152 diiudicanda
751 2100 939 2168 sapientissimi
957 2109 1052 2150 essent.
1083 2096 1176 2166 Atque
1193 2097 1222 2147 hi
1240 2096 1352 2166 quidem
1444 2126 1448 2133 ·

199 2186 281 2236 quum
299 2168 380 2218 aliam
397 2169 468 2218 riam
485 2168 589 2236 ingredi
605 2186 660 2219 non
677 2179 801 2238 possent,
831 2182 911 2235 quam
927 2177 959 2216 ut
976 2177 1002 2216 et
1017 2167 1110 2216 lunam
1126 2176 1281 2217 nascentem
1299 2164 1359 2216 oba·

199 2232 343 2302 servarent,
363 2245 389 2285 et
406 2234 506 2286 tabulis
523 2247 662 2287 uterentur
678 2236 881 2287 astronomicis:
899 2232 963 2284 licet
979 2232 1048 2282 illud
1064 2250 1119 2284 non
1137 2242 1350 2302 assequerentur,
1459 2238 1466 2255 ⁴·

197 2313 230 2352 ut
256 2319 359 2354 menses
385 2320 440 2353 uno
465 2320 570 2373 semper
595 2301 810 2371 eodemquedie
836 2319 896 2352 oum
920 2300 1161 2352 Palaestinensibus
1186 2301 1351 2369 inchoarent,
1414 2348 1419 2359 ,

197 2380 288 2421 tamen
304 2368 377 2421 haud
402 2367 482 2422 facile
498 2370 595 2423 limites
611 2369 761 2440 transgredi
776 2379 901 2440 poterant
918 2385 979 2430 eos,
1005 2368 1103 2438 quibus
1120 2367 1277 2436 synedrium
1293 2369 1353 2421 Ka·
1384 2372 1390 2397 “·
1427 2416 1434 2437 ,

197 2437 292 2490 lendas
307 2438 446 2489 inclusisse
464 2438 580 2489 vidimus
591 2438 641 2505 (ci.
654 2456 681 2508 p.
693 2438 757 2505 aa).
802 2435 862 2509 Qua
879 2435 988 2506 quidem
1005 2437 1108 2487 ratione
1124 2437 1176 2487 hoc
1202 2434 1273 2488 effici
1297 2440 1382 2489 ne···'

201 2524 274 2558 cesse
291 2517 358 2569 erat,
375 2516 406 2555 ut
424 2504 581 2557 ludaeorum
598 2517 682 2557 terras
697 2507 854 2557 remotiores
870 2503 1048 2554 habitantium
1065 2503 1221 2567 Kalendae,
1247 2506 1353 2556 etiarnsi
1394 2504 1415 2527 '·
1470 2508 1475 2523 '

198 2573 272 2639 alio,
291 2591 371 2642 quam
388 2572 527 2625 Kalendae
544 2574 824 2640 Hierosolymitanae,
842 2571 887 2624 die
906 2583 1061 2640 agerentur,
1077 2583 1167 2622 tamen
1184 2571 1219 2621 ab
1235 2572 1277 2622 his
1295 2591 1353 2623 non
1404 2584 1413 2635 ζ
1427 2580 1448 2593 “·

199 2640 280 2693 facile
308 2643 360 2692 nisi
386 2658 439 2692 uno
467 2641 511 2692 die
542 2640 714 2710 recederent3
748 2658 909 2710 quamquam
941 2658 991 2709 per
1019 2638 1150 2690 ambitum
1177 2641 1353 2691 terminorum
1402 2662 1406 2671 ·

200 2709 309 2759 illorum
327 2726 371 2760 aas
388 2707 523 2760 interdurn
540 2709 584 2760 rel
602 2707 686 2761 biduo
704 2708 829 2760 recedere
845 2708 964 2777 potuisse
981 2724 1037 2758 non
1052 2723 1187 2775 negamus.
1222 2705 1304 2779 Quin,
1321 2718 1355 2759 ut
1379 2716 1382 2721 '
1443 2700 1469 2745 “³

200 2777 317 2827 multum
345 2776 456 2840 demus,
486 2789 641 2829 exterorum
666 2775 798 2828 Kalendas
822 2775 870 2828 hos
891 2774 1023 2826 cancellos
1050 2772 1186 2828 interdum
1213 2776 1354 2826 ικειιιίιιε

199 2844 361 2912 largiemur3
380 2855 497 2895 attamen
514 2847 566 2896 nisi
583 2847 612 2908 ii,
632 2863 744 2915 quorum
763 2854 830 2908 erat,
850 2860 893 2895 eas
911 2841 1034 2907 delinire,
1050 2860 1140 2895 rerum
1152 2845 1352 2895 astronomica·

201 2930 262 2962 rum
279 2910 417 2976 rudiores,
442 2930 522 2981 quam
539 2930 588 2983 par
605 2924 652 2976 est,
670 2911 836 2976 habeantur,
862 2928 905 2962 eas
921 2922 948 2963 et
965 2929 1015 2960 uno
1035 2923 1136 2960 tantum
1152 2911 1208 2974 dis,
1227 2923 1254 2963 et
1269 2913 1355 2962 roris·
1410 2910 1413 2915 ’

201 2980 266 3029 sime
283 2979 331 3030 hos
347 2979 446 3030 limites
464 2991 637 3048 transgressas
656 2998 721 3044 esse,
740 2990 823 3039 recte,
843 2981 947 3050 opinor,
965 2977 1161 3030 contendimus.
1190 2976 1301 3096 duum
1318 2977 1354 3030 de

202 3050 299 3114 causis,
317 3066 402 3117 quum
419 3049 522 3098 animus
541 3060 622 3112 esset,
640 3048 733 3099 Nisani
750 3047 964 3117 Philippensium
980 3044 1117 3099 Kalendas
1134 3048 1174 3097 ita
1210 3046 1361 3110 ascribere,
1454 3102 1457 3107 ,

202 3126 233 3165 ut
251 3132 294 3166 ess
312 3116 432 3166 terminis
450 3117 483 3167 iis
499 3119 746 3186 interponeremus,
765 3116 835 3166 intra
853 3133 919 3184 qnos
935 3116 1067 3166 mensium
1084 3116 1161 3165 initia
1179 3113 1261 3183 vulgo
1280 3113 1353 3182 apud

201 3180 314 3234 ludaeos
332 3193 437 3234 exteros
454 3195 559 3235 versata
577 3195 673 3247 essent,
692 3187 720 3234 in
735 3182 829 3234 tabula
846 3201 926 3252 supra
943 3182 1062 3234 exhibita
1078 3180 1214 3232 Kalendas
1232 3179 1267 3230 ad
1285 3198 1354 3245 ean-7

202 3249 273 3315 dem,
292 3269 371 3319 qnam
389 3271 417 3320 p.
436 3255 478 3306 ³7.
496 3254 580 3303 secuti
597 3270 697 3318 sumus,
714 3269 835 3303 normam
852 3249 964 3303 definire
981 3267 1034 3302 non
1052 3247 1241 3316 dubitavimus3
1265 3266 1360 3318 neque·

203 3328 293 3368 tamen
310 3318 438 3386 indagare
454 3321 607 3383 omisimus,
636 3338 700 3370 num
718 3318 806 3382 forte,
833 3320 856 3370 si
873 3336 927 3369 uno
945 3318 1063 3368 alterove
1082 3334 1183 3381 eorum,
1202 3314 1237 3367 de
1255 3316 1360 3385 qubus

202 3384 354 3449 loquimur,
383 3403 515 3437 annorum
532 3388 625 3439 Nisani
642 3388 853 3457 Philippensium
871 3387 1035 3457 principium
1065 3382 1200 3436 cancellos
1217 3383 1280 3434 illos
1298 3401 1353 3435 uno
1410 3398 1415 3405 ·

203 3451 250 3503 die
268 3471 400 3521 egressum
418 3466 545 3522 putetur,
576 3473 606 3506 ea
628 3457 725 3506 resad
743 3457 927 3523 quaestionem
957 3465 1078 3504 nostram
1102 3450 1145 3503 rel
1172 3450 1353 3511 dirimendam

198 3519 296 3584 iaciat,
314 3520 358 3570 rel
375 3521 573 3591 impediendam
592 3522 640 3587 (ci.
654 3533 709 3575 not.
720 3523 747 3574 k.
760 3533 787 3573 et
798 3521 847 3589 n).
925 3520 953 3584 l)
971 3519 1000 3570 Si
1017 3520 1089 3570 Phili
1108 3536 1212 3590 penses,
1229 3519 1260 3569 id
1276 3516 1353 3588 quod
1442 3572 1446 3579 ,

202 3584 264 3638 lieri
288 3588 407 3657 potuisse
430 3588 511 3639 modo
528 3589 620 3656 largiti
636 3606 744 3655 sumus,
762 3588 807 3640 die
825 3605 878 3638 uno
895 3587 940 3640 rel
956 3589 1041 3640 serius
1058 3539 1107 3639 rel
1118 3589 1209 3657 prius,
1224 3605 1308 3704 paam
1324 3589 1355 3639 in
1430 3644 1433 3651 ¹

204 3654 297 3708 tabula
322 3656 473 3724 posuimus,
498 3656 591 3707 Niseni
607 3656 741 3707 Kalendas
769 3668 796 3708 et
818 3674 913 3727 azyma
938 3657 1061 3723 egissent,
1087 3672 1157 3706 anno
1175 3656 1221 3725 qui
1243 3673 1286 3709 em
1301 3659 1356 3722 sn,
1417 3682 1421 3689 ·
1442 3684 1462 3699 -ι

205 3739 261 3773 non
278 3722 375 3788 solum,
392 3725 414 3773 si
430 3723 476 3774 ille
493 3725 619 3791 vulgaris,
637 3742 727 3775 rerum
747 3727 844 3792 etiam,
863 3727 885 3774 si
903 3724 1068 3775 intercalaris
1086 3734 1158 3790 erat,
1176 3741 1247 3775 anno
1265 3727 1369 3775 auten'
1388 3774 1391 3779 ,

204 3796 248 3844 bi.
261 3793 368 3842 nonnisi
384 3792 408 3841 si
425 3793 521 3843 mensis
540 3794 565 3843 ci
583 3791 760 3844 adiiciebatur
778 3791 977 3856 embolimaeus,
996 3808 1152 3862 azymorum
1162 3787 1224 3843 finis
1236 3793 1265 3842 in
1282 3788 1356 3843 dien
1432 3788 1436 3795 ⁸
1455 3808 1460 3817 ‘

202 3859 284 3910 lunae
302 3860 346 3910 vel
363 3859 459 3910 Martis
476 3859 595 3911 incidere
612 3872 726 3930 poterat.
817 3859 840 3927 l)
858 3861 925 3910 Nam
943 3862 994 3911 nisi
1010 3859 1222 3924 intercalasssnt,
1240 3859 1356 3911 Nisanus

204 3925 276 3977 illud
292 3938 398 3978 secutus
417 3939 485 3978 esset
502 3928 685 3993 novilunium,
704 3927 778 3998 quod
795 3929 888 3979 Martii
906 3927 978 3980 diem
999 3933 1025 3981 5.
1040 3928 1100 3980 bor.
1118 3932 1145 3979 ὅ.
1170 3938 1265 3978 matut.
1287 3928 1358 3979 teti-

205 3995 263 4060 git,
292 3992 409 4064 ideoque
436 3995 568 4047 secundus
591 4014 747 4065 azymorum
768 3995 825 4048 dies
851 3995 895 4065 (id
920 3996 995 4067 quod
1015 3994 1074 4049 lieri
1097 4013 1153 4047 non
1175 3993 1292 4065 licebat,
1320 3991 1357 4045 cf.

209 4077 234 4130 p.
252 4066 293 4113 31.
311 4072 367 4113 not.
386 4061 412 4115 b.
432 4063 512 4129 eti.)
539 4075 601 4115 ante
624 4066 824 4132 aequinoctium
841 4063 990 4115 celebratus
1009 4075 1084 4116 esset.
1123 4060 1286 4129 (Quonim
1304 4077 1357 4110 su-

206 4137 262 4178 tem
278 4130 331 4178 iam
349 4147 449 4183 annum
465 4135 507 4181 bd.
533 4147 623 4180 mense
648 4147 702 4181 uno
728 4141 837 4180 auctum
862 4147 919 4181 esse
944 4128 1099 4190 credamus,
1125 4130 1163 4178 ita
1179 4138 1212 4177 ut
1228 4143 1298 4178 anno
1313 4131 1357 4183 56.

206 4211 262 4245 non
286 4212 353 4265 opus
376 4194 460 4246 fuerit
479 4196 647 4261 intercalare,
671 4214 703 4249 eo
726 4195 915 4266 prohibemur,
959 4194 1015 4247 uod
1040 4213 1123 4246 annus
1139 4198 1180 4247 55.
1204 4192 1358 4248 sabbaticus

205 4271 275 4326 erat,
291 4281 380 4333 aeque
399 4265 555 4315 rero'annis
574 4265 665 4315 otiosis
682 4263 773 4334 plures
791 4280 871 4333 quam
889 4215 1032 4316 duodecim
1051 4260 1238 4315 tribuebantur
1254 4280 1358 4316 menaea

207 4328 256 4395 [cf.
274 4349 302 4400 p.
313 4335 355 4383 32.
367 4332 437 4401 inpr.
454 4342 512 4382 not.
523 4331 591 4448 kg).
658 4349 683 4381 m
712 4332 856 4385 mannos.
868 4333 888 4385 i.
906 4331 968 4384 coll.
985 4352 1012 4402 p.
1024 4336 1081 4383 102.
1098 4340 1186 4385 nott.
1253 4332 1284 4397 tr)
1299 4332 1359 4384 Re-

206 4395 385 4479 liquamen,
413 4410 442 4450 ut
458 4399 493 4450 ad
508 4397 546 4449 du
565 4400 663 4469 inqua
700 4416 743 4451 am
759 4397 910 4450 dirimenda
926 4416 1013 4468 panos
1037 4416 1199 4452 moneamus.
1249 4398 1360 4451 Scilicet

207 4466 313 4518 etiamsi
338 4464 389 4531 lais,
412 4465 560 4537 dequibus
578 4467 746 4537 quaerimus,
772 4467 849 4519 annis
866 4466 964 4518 Nisani'
976 4466 1193 4551 Philippensium
1207 4466 1357 4531 Kalendae,
1396 4504 1400 4512 .

207 4549 295 4603 eoque
311 4534 372 4604 ipso
389 4550 485 4604 asyma
502 4551 610 4607 quoque
626 4537 665 4589 ita
678 4534 771 4589 lunam
788 4547 877 4589 assem
891 4546 999 4604 secuta,
1024 4546 1055 4588 ut
1070 4547 1141 4589 rntra
1157 4536 1285 4589 terminos
1302 4550 1359 4601 aas,
