2956 5168
122 157 165 221 ts
545 153 632 219 ctu.
653 154 683 216 la
720 144 776 218 ltu
794 151 920 230 ANNO,

70 405 72 410 .
122 348 214 393 annos
236 328 352 389 ahucs
373 331 543 389 numeratos
566 344 644 402 esse,
664 323 754 387 carih
774 326 815 387 'de
836 326 932 388 causis
954 332 1087 389 censent.
1110 325 1344 388 Prtmum'enhn

123 412 286 485 Christum,
315 414 342 473 si
369 413 485 473 decimo
518 412 621 491 quinto
650 418 721 491 post
747 411 873 490 Augusti
905 419 1033 473 mortem
1073 421 1148 472 anno
1178 413 1344 492 baptisatus

122 507 221 573 macl,
250 498 338 559 nimis
365 498 424 557 iam
456 499 623 558 excessisse
652 515 759 556 antrum
780 497 858 557 sitne
887 497 1069 557 tricesimum
1096 504 1215 576 putant,
1256 516 1344 576 quam

122 591 157 647 ut
176 590 259 644 aeus
280 575 363 645 ὡσεὶ
382 573 562 666 τριάκοντα
584 577 665 642 ἑτῶν
694 577 788 662 (Luc.
810 581 840 652 3,
861 578 937 664 23.)
966 591 1051 663 recte
1069 583 1098 641 ei
1119 583 1208 642 tribui
1231 582 1343 660 potuis·

122 675 182 729 set.
224 666 338 729 Verum
359 668 418 726 ista
439 667 560 745 quidem
580 666 671 726 uerba
693 684 876 744 nequaquam
899 667 1035 739 obstare,
1059 668 1212 746 quominus
1234 667 1273 725 de
1287 663 1344 726 XV

122 759 193 834 past
222 752 374 813 Octauiani
409 752 566 823 decessum
602 768 678 812 anno
714 751 893 828 cogitemus,
935 751 1023 830 paulo
1056 750 1134 810 infra
1168 750 1344 810 videbimus.

96 835 243 899 ‹Deinde
264 844 388 916 urgent,
419 835 499 915 quod
526 834 623 895 Lucas
652 825 930 919 ἡγεμονίας,
966 854 1063 914 neque
1088 830 1346 919 μοναρχίας

39 969 42 975 .
123 922 171 983 ccl
190 915 451 1004 βασιλείας
481 919 624 980 vocabulo
654 938 733 979 usos·
747 920 797 979 sit.
842 920 902 980 Sed
925 918 1045 980 Tacitus
1068 940 1205 1000 quoque,
1236 920 1346 979 Sueto-

122 1008 205 1080 nius,
233 1007 397 1086 losephus,
424 1005 481 1065 Dio
511 1004 648 1076 Cassius,
687 1004 736 1063 alii
767 1004 927 1065 Caesarum
966 1006 1123 1084 imperium
1155 997 1345 1089 ἡγεμονίαν,
1415 1012 1424 1029 ·

122 1092 320 1174 principatum
342 1097 455 1149 vocant.
508 1088 615 1162 Porro,
637 1091 706 1168 quis
725 1089 757 1147 in
778 1089 910 1148 secundo
930 1089 1046 1168 Regum
1068 1089 1144 1149 libro
1167 1096 1204 1149 et·
1217 1091 1248 1149 in
1268 1088 1345 1148 Hie-

48 1182 51 1189 '
122 1178 216 1239 remia
237 1174 522 1235 Nshucliodouosori
548 1174 617 1232 anni
648 1174 683 1232 ab
712 1192 748 1232 eo
777 1173 924 1234 ducuntur
943 1182 1096 1253 tempore,
1113 1194 1182 1253 -quo
1203 1175 1255 1234 ille
1276 1193 1345 1233 cum

122 1270 210 1342 patre
239 1258 365 1337 regnare
394 1258 525 1337 incepit,
554 1257 665 1317 Lucam
692 1259 722 1318 in
743 1257 859 1317 'liberii
887 1259 969 1319 annis
991 1260 1178 1319 numerandis
1199 1260 1276 1318 hono
1294 1277 1345 1316 ra-

123 1348 236 1407 tionem
249 1349 393 1403 'secutum
416 1347 484 1402 ess'e
505 1341 666 1403 verisimile
687 1342 807 1403 ducunt.
829 1342 874 1401 Ac
896 1343 942 1417 si,
965 1363 1039 1422 quae
1060 1345 1091 1403 in
1112 1343 1170 1402 illis
1192 1342 1347 1421 scriptori-

122 1431 197 1502 bus,
226 1435 259 1490 et
280 1429 318 1488 de
339 1427 631 1488 Nabuchodonosom
651 1427 770 1500 velent,
800 1428 831 1487 in
854 1427 933 1487 lmca
955 1428 1061 1502 etism,
1100 1435 1132 1488 et
1162 1428 1201 1488 de
1222 1425 1346 1487 'l'iherio

125 1515 226 1575 ualere
247 1533 321 1592 opus
344 1513 402 1572 sitl
457 1511 668 1572 Gravissimum
697 1511 828 1592 denique
849 1513 925 1573 hanc
946 1512 1075 1573 all'erunt
1096 1531 1233 1584 causam,
1265 1509 1346 1589 quod

125 1614 214 1680 quum
244 1601 275 1658 in
304 1597 425 1676 reliquis
454 1597 635 1676 provinciis,
674 1602 736 1657 tum
767 1599 796 1657 in
819 1597 928 1657 iudaea
948 1596 1062 1657 'liberii
1094 1603 1226 1676 tempora
1248 1597 1285 1656 ab
1307 1614 1346 1654 eo

124 1690 278 1745 numerata
305 1684 364 1742 sint
390 1702 486 1755 anno,
519 1700 576 1760 quo
597 1682 749 1760 Augustus
777 1684 806 1742 ei
826 1682 1044 1761 provinciarum
1065 1701 1164 1743 curam
1185 1680 1347 1740 demanda-

42 1824 44 1829 <
124 1775 216 1835 verat.
239 1766 330 1828 Cuius
352 1767 471 1847 'quidem
493 1767 538 1826 rei
558 1774 653 1827 testes
669 1767 803 1846 primum
816 1775 916 1846 patres
936 1766 1104 1846 producunt
1124 1765 1204 1825 haud
1224 1783 1347 1844 paucos,

126 1853 178 1933 qul
198 1852 306 1926 lesum,
336 1871 423 1931 quem
452 1871 508 1930 per
537 1851 689 1911 biennium
721 1858 803 1911 certe
830 1852 1032 1930 praeceptoris
1059 1870 1185 1910 munere
1210 1851 1346 1911 furtctm

125 1954 194 1999 esse
216 1943 348 2006 constat,
383 1936 472 1996 Fullo
494 1941 525 1995 et
546 1935 684 1996 Rubellio
706 1935 840 1995 Geminis
862 1936 957 2007 coss,
978 1937 998 1995 i.
1021 1955 1059 2005 ο,
1089 1934 1145 1995 XV
1165 1942 1233 2014 post
1254 1934 1346 1993 Octa-

125 2023 203 2082 viani
224 2018 350 2082 mortem
372 2041 463 2091 antro,
485 2021 542 2079 iam
564 2019 709 2099 supplicio
731 2021 868 2079 affectum
899 2040 967 2081 esse
988 2019 1153 2079 retulerunt
1170 2014 1212 2099 u).
1284 2018 1346 2078 Sed

125 2102 200 2168 llaec
222 2107 362 2177 traditio,
403 2106 471 2183 quoia
484 2105 561 2165 iude
583 2114 647 2165 orta
668 2111 734 2174 est,
765 2106 843 2183 quod
870 2111 971 2184 patres
1003 2104 1047 2163 illi
1077 2104 1173 2177 lesum
1201 2122 1264 2162 nuo
1296 2121 1346 2162 eo·

64 2226 66 2233 ·
125 2191 253 2271 demque
274 2208 356 2251 σιιυσ
372 2196 403 2252 et
423 2209 614 2269 progressum
635 2190 666 2248 in
688 2189 835 2267 publicum
858 2196 888 2250 et
908 2197 1059 2250 mortuum
1081 2208 1150 2248 esse
1173 2194 1346 2268 posuerunt,

127 2295 215 2356 quiam
242 2274 316 2334 nihil
343 2274 440 2334 valeat
467 2274 504 2334 ad
542 2293 606 2333 rem
637 2273 899 2351 comprobandam,
936 2275 1002 2353 quis
1033 2282 1080 2334 est
1115 2274 1192 2351 quin
1212 2262 1345 2337 ‘videnti

126 2359 248 2420 Deinde
269 2359 305 2419 sd
330 2359 586 2420 Clementem
608 2357 927 2418 Alexandrinum
948 2364 1123 2438 provocant,
1146 2359 1213 2435 qni,
1234 2356 1346 2417 Strom.

100 2493 103 2499 ,
127 2444 148 2504 l.
170 2444 192 2504 l.
213 2465 243 2523 p.
266 2444 339 2516 147,
369 2450 523 2524 postquam
551 2443 776 2522 imperatorum,
799 2444 849 2522 qui
879 2444 915 2505 ah
937 2444 1072 2522 Augusto
1094 2442 1130 2500 ad
1152 2440 1347 2502 Commodum

127 2548 223 2609 usque
244 2529 385 2600 fuerunt,
408 2547 498 2587 asinos
521 2528 682 2588 secumdum
704 2526 969 2587 Alexandrinorum
989 2528 1134 2587 rationem
1155 2522 1347 2607 (quamquam

128 2628 188 2674 non
209 2614 319 2692 ubique
340 2608 491 2694 accurate)
513 2618 726 2693 proposuerat,
759 2612 886 2692 ideoque
908 2611 1042 2692 Augusto
1063 2631 1155 2673 annos
1171 2612 1214 2672 43
1232 2607 1272 2694 l),
1284 2585 1379 2671 ..Bt-⁸

128 2837 330 2851 ———-—--—

170 2942 174 2965 Ι
196 2969 228 3030 ιι)
245 2969 285 3017 lta
303 2964 475 3018 Clemens
492 2964 546 3018 At.
564 2977 654 3020 strom.
672 2970 740 3083 hp.
752 2966 820 3034 147,
839 2968 1106 3019 Tertullianus
1123 2966 1186 3037 adv.
1203 2964 1346 3032 lud.c.8.‚

198 3033 380 3100 Origenes
403 3035 466 3100 περὶ
490 3032 586 3101 ιλρχιῦν
603 3037 628 3094 4,
648 3035 683 3096 5.,
737 3034 906 3088 sricanus
931 3055 975 3106 ap.
994 3038 1107 3087 Hieron.
1127 3037 1154 3085 in
1172 3035 1242 3085 Dan.
1263 3052 1287 3089 c.
1307 3035 1346 3092 ll..

196 3103 423 3152 Lactantius
449 3105 511 3151 inst·
537 3100 570 3155 4.
590 3105 630 3153 10.
658 3102 783 3154 coll-tle
809 3106 1140 3172 transponerent,
1166 3101 1345 3152 festorum

197 3168 457 3220 consularium
482 3172 540 3237 (op.
569 3169 665 3220 Graes.
691 3168 760 3222 thes.
779 3173 828 3231 xl,
854 3190 873 3240 p
902 3175 952 3224 3³5
969 3172 1030 3240 sq.)
1063 3182 1209 3232 auctor,
1243 3169 1343 3237 Sulp.

197 3238 357 3287 Severus
375 3238 443 3286 llist.
465 3236 496 3287 S.
513 3249 540 3298 2,
558 3239 612 3299 27,
631 3237 863 3304 Augustinus
882 3237 915 3288 de
934 3240 984 3289 civ.
1004 3240 1065 3301 Dei,
1085 3245 1127 3299 tu,
1146 3236 1201 3300 54„
1228 3236 1343 3288 de'trin.

197 3304 224 3367 4,
242 3305 268 3368 5,
294 3303 580 3356 fastildatiani
606 3306 646 3368 (in
663 3305 770 3355 Graevii
789 3306 854 3358 thes.
874 3307 923 3370 Xl,
949 3326 978 3377 p.
997 3306 1088 3372 255),
1123 3307 1285 3374 Prosper
1310 3303 1345 3355 de

195 3371 330 3442 praedictt
359 3383 384 3422 et
403 3373 429 3421 in
447 3371 573 3422 chronico
592 3372 632 3435 (in
651 3370 757 3423 Graevii
775 3375 838 3429 thes.
859 3375 908 3429 Xl,
926 3392 955 3443 p.
971 3373 1045 3440 284.)
1074 3385 1164 3442 atque,
1182 3383 1211 3420 ut
1230 3371 1345 3435 videtur,

197 3438 428 3490 Gaudentius
462 3441 588 3494 (serunl
627 3440 694 3490 Dom
733 3441 863 3495 Paschae.
889 3440 1007 3511 ῳ.·ὶ49.,
1026 3412 1069 3496 erl.
1088 3443 1160 3492 Brix.
1180 3440 1286 3505 nst),
1319 3451 1346 3489 et

196 3508 431 3558 Philsstrius
466 3506 536 3559 haer.
557 3506 614 3561 106.
683 3508 766 3573 b)1u
801 3507 972 3561 Clemens
1005 3507 1059 3560 Al.
1092 3508 1112 3561 l.
1141 3509 1170 3570 l.‚
1205 3519 1346 3576 postquam

201 3578 242 3646 (p.
261 3575 338 3637 339.)
365 3577 448 3624 lesum
477 3592 547 3624 anno
571 3575 687 3642 Augusti
706 3575 739 3625 ‘28
762 3577 818 3636 ,ab
836 3575 963 3646 Aegypto
987 3578 1016 3625 in
1037 3578 1203 3645 provinciam
1225 3573 1345 3639 reducta,

54 3697 58 3706 ,
152 3655 164 3693 ’.
197 3642 342 3695 secundum
360 3641 604 3694 Alexandrinorum
622 3645 772 3709 rationes),
790 3645 809 3696 i.
830 3663 854 3695 e.
873 3645 904 3696 U.
925 3642 955 3697 C.
975 3644 1035 3705 752,
1060 3655 1151 3694 natum
1170 3660 1224 3693 esse
1242 3641 1346 3707 docuit,
1435 3704 1436 3708 Ἰ

197 3713 235 3762 sic
253 3713 358 3780 pergit:
394 3705 436 3761 ὅτι
453 3709 484 3760 δὲ
502 3708 571 3761 τοῦτ’
591 3708 691 3776 ἀληθές
707 3710 789 3775 ἐστιν,
808 3711 839 3762 tv
861 3713 896 3776 τῷ
915 3709 1061 3779 εὐαγγελίῳ
1083 3715 1120 3776 τῷ
1144 3706 1212 3761 κατὰ
1229 3711 1348 3763 Λουκᾶν

197 3782 350 3847 γέγραπται
368 3773 465 3835 οὕτως·
502 3776 555 3827 ἔτει
573 3777 604 3830 di
621 3775 856 3847 πεντεκαιδεκάτῳ
874 3779 928 3833 tm,
940 3781 1066 3846 Τιβερίου
1082 3782 1223 3844 Καίσαρος
1239 3778 1346 3846 ἐγένετο

197 3846 272 3915 ῥῆμα
290 3849 384 3911 κυρίου
401 3844 448 3897 ἐπὶ
463 3836 594 3909 Ἰωάννην
610 3843 659 3898 τὸν
674 3850 815 3917 Ζαχαρίου
833 3842 907 3898 υἱόν·
937 3847 984 3896 καὶ
1000 3839 1085 3897 πάλιν
1101 3846 1132 3897 ἐν
1149 3850 1185 3911 τῳ
1203 3843 1289 3910 αὐτῷ’
1313 3837 1348 3910 ἦν

199 3914 229 3965 di
245 3912 347 3978 Ἰησοῦς
364 3908 512 3980 ἐρχόμενος
529 3911 576 3964 ἐπὶ
594 3909 624 3965 τὸ
641 3909 783 3983 βάπτισμα
802 3911 838 3972 ὠς
854 3913 924 3975 ἐτῶν
939 3908 971 3966 λ’.
990 3915 1037 3964 καὶ
1055 3909 1096 3965 ὅτι
1113 3911 1240 3966 ἐνιαυτὸν
1255 3906 1348 3981 μόνον

198 3980 254 4034 ἔδει.
272 3978 357 4032 αὐτὸν
373 3974 500 4046 κηρίξαι,
519 3981 566 4030 καὶ
583 3983 662 4033 τοῦτο
680 3984 833 4051 γέγραπται
850 3978 949 4040 οὕτως·
980 3979 1107 4033 ἐνιαυτὸν
1131 3978 1230 4032 λεκτὸν
1251 3983 1348 4047 κυρίου

197 4044 310 4118 κηρύξαι.
332 4046 487 4101 ἀπέστειλέν
508 4065 553 4118 με.
587 4051 666 4100 τοῦτο
690 4051 736 4099 καὶ
760 4045 774 4101 ὁ
798 4044 940 4116 προφήτης
962 4043 1021 4100 εἶπε
1045 4051 1091 4099 καὶ
1122 4046 1152 4109 τὸ
1178 4047 1347 4117 εὐαγγέλιον.

197 4110 438 4181 Πεντεκαιδεκάτῳ
457 4106 507 4167 οὖν
532 4116 586 4168 ἔτει
606 4119 730 4186 Τιβερίου
753 4117 800 4167 καὶ
823 4110 1053 4183 πεντεκαιδεκᾶτῳ
1069 4111 1245 4186 Αὐγούστου·
1275 4112 1346 4166 οὕτω

198 4185 364 4253 πληροῦνται
389 4179 420 4234 τὰ
444 4178 589 4252 τριάκοντα
615 4183 676 4249 ἔτη,
700 4181 750 4242 ἕως
767 4172 799 4235 οὗ
817 4183 930 4236 ἔπαθεν.
974 4182 1033 4256 Quo
1058 4186 1117 4236 loco
1142 4205 1223 4253 quum
1241 4185 1350 4234 tricesi-

198 4271 256 4303 mus
272 4263 335 4322 post
353 4250 449 4304 Christi
467 4252 594 4308 natalem,
612 4269 691 4314 quem
710 4249 831 4303 Clemens
847 4255 934 4321 ponit,
953 4271 1045 4315 annus,
1065 4254 1083 4304 i.
1101 4272 1125 4304 e.
1143 4255 1175 4304 U.
1193 4250 1223 4304 C.
1241 4255 1300 4314 782,
1320 4263 1348 4302 et
1397 4280 1399 4284 ·

199 4319 331 4388 baptismo
351 4331 376 4371 et
394 4321 474 4371 morti
491 4321 550 4370 lesu
564 4319 707 4384 tribuatur,
726 4319 785 4369 luce
803 4320 963 4383 clamasset,
983 4319 1147 4372 Clementem
1165 4321 1191 4372 h.
1202 4321 1221 4372 l.
1239 4319 1273 4370 de
1291 4337 1347 4369 uno

198 4399 303 4437 tuntum
330 4387 434 4438 Tiberii
459 4389 537 4438 initio
564 4390 698 4455 cogitasse.
734 4383 786 4438 eff.
814 4398 841 4438 et
866 4386 1063 4456 Origenes,
1097 4387 1346 4451 Gaudentius,

200 4455 431 4506 Philostrius
449 4454 478 4507 ll.
496 4455 527 4506 lt.
556 4454 724 4523 Quamquam
742 4471 805 4505 vero
832 4474 928 4522 negare
954 4473 1008 4507 non
1025 4473 1179 4525 possumus,
1206 4454 1347 4522 Orige-

199 4541 291 4586 nem,
310 4522 416 4573 sibimet
432 4523 485 4592 ipsi
501 4535 693 4592 repugnantem
716 4523 753 4589 (c.
771 4518 841 4576 Cels.
859 4527 885 4586 2,
905 4525 971 4590 12),
990 4534 1017 4574 et
1033 4523 1121 4574 Pros
1158 4542 1218 4575 eru
1229 4542 1254 4572 m
1272 4524 1347 4571 bieu-

173 4612 179 4623 1
199 4591 269 4641 nium
294 4593 353 4642 Ies‘n
379 4591 483 4643 muneri
499 4591 649 4658 assignare,
667 4601 765 4640 temen
789 4589 830 4640 illi
856 4589 922 4640 duas
946 4593 1036 4672 potius
1052 4543 1169 4642 diveths
1187 4590 1347 4642 traditiones

197 4659 268 4711 mele
294 4659 469 4730 compilasse,
505 4676 585 4728 quam
609 4658 713 4729 duplex
737 4656 842 4708 Tiberii
866 4660 1031 4729 principium
1055 4662 1178 4725 statuisse
1195 4659 1348 4712 videantur.
