2956 5168
109 154 114 163 ·
239 166 350 247 cusu
364 161 462 249 ¹ron
485 164 595 229 carr.
619 164 864 228 ιιι-ιιοο.
887 165 1186 233 σοοιιιοιιιοο
1208 169 1246 231 ι.
1302 170 1353 235 rr·

134 338 293 403 Cretenses
313 345 377 399 tum
397 337 543 417 temporis
564 335 767 409 ePaulopon
787 335 830 396 od
852 336 966 397 Christi
984 356 1075 398 sacro
1095 337 1261 412 adductos,
1281 330 1349 413 sed,

134 434 224 505 quum
238 425 296 484 iam
309 425 393 502 prius
409 421 474 502 (aut
487 441 505 480 a
518 420 551 480 P.
566 422 650 499 ipso,
672 421 818 499 siquidem
840 441 909 482 eum
929 422 960 481 in
982 423 1088 484 itinere
1102 422 1170 484 Act.
1185 424 1236 498 18,
1250 424 1292 485 18
1301 443 1346 503 sq.

87 516 91 537 ¹
133 509 229 571 relato
257 528 313 588 per
341 509 453 588 aliquot
479 507 545 567 dics
573 504 682 566 Cretae
710 505 805 565 fuisse
832 507 978 586 suspicari
998 507 1086 582 licet,
1119 517 1170 568 aut
1190 509 1227 567 ab
1248 508 1346 586 aliquo

134 584 264 675 apostoli
293 587 461 674 discipulo)
490 591 587 671 prima
616 609 710 650 novae
743 588 897 650 doetrinae
930 592 1041 653 semina
1076 611 1179 672 sparsa
1208 590 1353 667 luissent,

135 679 272 755 οἰοιιοιοι
300 696 369 753 esse
394 677 583 749 coniicimus3
611 693 729 735 causam
757 694 845 749 vere,
878 694 936 735 cur.
959 678 1076 737 nonnisi
1098 677 1179 737 brevi
1200 677 1348 738 ininsula

136 768 318 837 moraretur,
337 763 368 821 in
389 762 573 840 repositam
594 759 690 821 fuisse
711 760 875 836 credimus,
896 760 974 838 quod
996 762 1113 840 negotia
1130 762 1265 840 graviore
1280 780 1347 821 eum

136 866 205 921 mox
226 846 434 925 adcliphesios
462 850 651 918 revocareut3
687 845 736 904 vix
765 851 847 903 certe
877 844 1038 922 simplicius
1066 845 1246 924 explicetur,
1277 846 1348 924 quid

136 920 244 1005 fuerit,
266 930 466 1035 pund-Titum
487 932 687 1008 relinqueret,
707 923 762 991 ἵνα
782 924 824 990 τὰ
838 922 998 992 λείποντα
1013 923 1269 1014 ἐπιδιορθώσῃ,
1291 925 1349 992 καὶ

137 1034 329 1101 κατοσοησῃ
357 1011 441 1079 κατὰ
470 1007 572 1077 πόλιν
598 1011 862 1098 πρεσβυτέρους,
890 1033 988 1092 neque
1013 1016 1081 1093 ipse
1103 1016 1201 1092 potius
1222 1016 1349 1081 haeres

137 1102 306 1181 perliceret.
350 1101 540 1180 Acproptcr
565 1098 645 1173 idem
673 1099 746 1158 illud
769 1098 868 1157 Lucae
895 1098 1047 1169 silentium.
1063 1098 1186 1159 Paulum
1212 1098 1350 1178 Nicopoli

137 1186 287 1265 hiemasse
311 1204 469 1267 negamus3
511 1203 580 1263 nam
607 1203 695 1262 quum
711 1182 875 1263 'apostolus
904 1183 1014 1257 solam,
1051 1202 1139 1262 quam
1155 1184 1291 1262 Epheso·
1305 1183 1351 1249 di,-

137 1288 259 1352 gressus
279 1271 357 1333 liber
377 1268 521 1343 traduxit,
543 1269 673 1328 hiemem
695 1287 753 1327 non
767 1266 924 1346 Nicopoli,
945 1267 998 1327 sed
1022 1267 1157 1331 Corinthi
1171 1274 1349 1333 -ctucturns

137 1354 246 1429 fuerit,
268 1363 299 1417 et
313 1353 369 1438 1(οι
390 1354 522 1429 maxime,
538 1360 622 1431 certe
643 1350 795 1431 probabile
817 1357 882 1424 est,
904 1351 943 1411 ci.
958 1370 988 1431 p.
1000 1350 1068 1432 52.)
1089 1372 1162 1415 vere
1180 1354 1295 1432 egerit:
1324 1352 1351 1414 si

138 1441 255 1519 quaudo
276 1440 383 1519 Nicop.
403 1432 655 1513 hiemasset„id,
688 1444 844 1514 autequam
865 1436 988 1516 Epheso
1010 1439 1145 1505 ultimum
1163 1439 1277 1510 abiret,
1303 1437 1350 1497 fe-

138 1525 239 1585 cisset.
282 1524 473 1603 ltaqueeum
494 1520 663 1597 decsssecs'sse
690 1520 810 1599 quidem
830 1521 892 1580 iter
915 1519 1000 1593 Nic„
1023 1541 1079 1583 nec
1100 1531 1199 1585 tamen
1220 1540 1348 1583 esseco-

138 1618 207 1668 tum
239 1628 307 1668 esse
345 1609 548 1669 arbitramur.r
586 1603 643 1664 Cui
672 1607 838 1665 sententiae
867 1607 1013 1683 quomodo
1041 1606 1155 1680 obstet,
1195 1606 1278 1685 quod.
1300 1606 1350 1680 1².,

138 1684 345 1770 σπούδασον,
368 1693 418 1769 ait,
440 1688 555 1757 ἐλθεῖν
576 1681 681 1774 πρός
701 1711 750 1768 με
773 1681 929 1764 εἶςΝικ.,
954 1691 1089 1769 equidem
1104 1692 1272 1763 nonvideos
1293 1689 1363 1751 hoc·

139 1778 219 1838 enim
241 1778 337 1838 solum
358 1778 445 1850 dicit,
466 1774 545 1835 velle
565 1794 615 1848 se,
636 1780 670 1834 ut
690 1774 777 1835 Titus
797 1774 955 1856 Nicopolin
977 1775 1079 1849 adeat,
1100 1776 1211 1855 ibique·
1223 1795 1260 1839 sc
1281 1794 1353 1839 con·

138 1854 275 1943 venutp'
287 1869 384 1923 utrum
405 1863 473 1945 ipsp
491 1859 631 1939 Nicopoli
650 1860 709 1919 ism
731 1866 880 1939 versetur,
909 1878 947 1919 au
970 1866 1140 1921 versaturus
1162 1860 1280 1919 demum
1301 1860 1353 1934 sit,

138 1965 200 2023 uon
219 1946 340 2007 indicat.
382 1944 540 2025 Nicopolin
560 1949 660 2005 eutem
682 1962 741 2003 non
762 1962 827 2005 eam
849 1942 998 2005 credimus
1020 1945 1255 2018 commemorari,
1277 1962 1354 2023 quse

138 2032 170 2092 iu
191 2031 295 2092 Cilicia
316 2031 372 2092 sita
394 2035 472 2103 crat,
505 2030 643 2108 quoniam
663 2028 696 2090 1².
717 2047 776 2089 nou
797 2028 829 2088 in
850 2029 986 2109 oppidis,
1016 2028 1122 2091 sedin
1144 2029 1266 2090 urbibus
1287 2029 1360 2091 diu--
1410 2043 1418 2065 '

139 2117 199 2175 tius
226 2116 356 2175 haerere
383 2114 513 2191 solebat,
528 2172 531 2177 ,
544 2120 648 2192 utpote
679 2132 716 2173 ex
745 2113 851 2191 qulbus
879 2113 1013 2173 doctrina
1038 2112 1175 2181 sotularis
1196 2108 1304 2193 sponte
1323 2115 1356 2177 in

140 2201 295 2280 regionem
321 2199 446 2277 vicinam
473 2204 701 2277 propagaretum
730 2216 806 2276 quae
828 2217 898 2257 vero
916 2198 1055 2257 ¹ciusdem
1075 2198 1355 2267 nominisoivitatcs

140 2287 175 2346 in
201 2283 381 2349 Palaeuthre¹
396 2283 563 2359 erant,..in·
580 2281 736 2362 Aegypto,
766 2283 798 2343 in
823 2280 981 2355 Armenia,
1016 2282 1124 2355 Ponto,
1153 2282 1296 2360 Bithynia
1313 2289 1367 2349 ,eh

141 2369 271 2435 Thracia
284 2364 332 2449 Ζ),
359 2374 412 2435 eut
438 2366 670 2446 rsimisvepiguee
699 2373 799 2439 eraut,
820 2373 872 2426 aut
892 2386 910 2427 ο
932 2365 1021 2426 Creta
1041 2367 1243 2447 Ephesoque,
1265 2374 1355 2447 atque

142 2454 181 2517 ab
195 2455 232 2515 iis
254 2453 373 2514 omuino
394 2453 573 2531 regionibus,
596 2470 668 2529 quas
689 2450 723 2510 P.
737 2450 890 2530 bucusque
904 2451 1089 2525 lustraverat,
1111 2453 1198 2513 nimis
1213 2460 1368 2528 remotae.

142 2559 230 2619 quam
264 2538 303 2598 de
332 2538 437 2615 quibus
472 2537 603 2615 cogitare
630 2535 727 2595 liceat
771 2535 878 2595 Restat
904 2555 962 2595 una
993 2535 1088 2617 Epiri
1105 2536 1229 2615 Nicop.,
1268 2556 1355 2616 quae,

142 2625 187 2683 uti
207 2642 263 2703 pro
284 2622 394 2682 embitu
415 2621 505 2699 digna
526 2626 605 2694 erat,
635 2620 665 2679 in
688 2640 744 2699 qua
765 2619 798 2679 P.
820 2620 930 2681 diutius
951 2626 1131 2695 moraretur,
1158 2622 1201 2680 ita
1221 2627 1281 2697 tam
1302 2641 1356 2682 uo-

142 2707 228 2782 bilis,
248 2713 298 2780 ut,
320 2706 376 2766 etsi
398 2706 462 2766 siue
482 2705 658 2783 cognomine
679 2704 896 2785 appellaretur,
923 2704 1014 2765 facile
1045 2705 1084 2764 de
1110 2705 1166 2765 hac
1188 2708 1356 2783 sermonem

144 2809 214 2861 esse
233 2788 457 2870 intelligeretur.
502 2788 585 2866 Quae
607 2808 697 2868 quum
718 2790 760 2850 ita
777 2789 851 2873 sint,
873 2791 985 2868 optime
1007 2789 1050 2852 sic
1072 2791 1162 2871 statui
1176 2784 1356 2857 ,censemusr

143 2875 266 2945 Paulum
287 2879 400 2935 aestate
421 2893 475 2947 ea,
495 2872 572 2953 quae
592 2872 740 2947 ultimam,
763 2894 850 2954 quam
864 2874 982 2954 Ephesi
1002 2875 1101 2954 degit,
1120 2876 1355 2938 hiemem-ente·

144 2961 253 3033 cessit,
275 2976 311 3019 ex
331 2957 389 3017 hac
409 2958 487 3018 urhe
506 2977 574 3019 cum
594 2955 665 3018 Tito
683 2959 722 3018 ad
736 2957 913 3035 Cretenses,
934 2961 993 3019 iam
1007 2961 1090 3039 prius
1112 2966 1233 3023 auctme
1247 2961 1357 3023 nescio

142 3062 205 3124 'quo
233 3044 271 3105 ud
298 3038 412 3103 Christi
440 3048 540 3110 castra·
557 3049 775 3123 transgressos,
807 3050 942 3119 vectum,
974 3045 1072 3105 insule
1098 3038 1300 3113 mon'relibta¹
1319 3045 1357 3106 ad

145 3128 294 3210 Ephesios
315 3119 479 3200 reversuris,
493 3126 655 3210 'epistolam
676 3128 844 3209 scripsisse,
866 3128 1031 3209 codemque
1052 3132 1187 3208 tempore
1198 3124 1267 3205 ,sibi
1286 3146 1357 3209 pro-

145 3215 298 3295 posuisse,
318 3213 431 3274 utiter
450 3212 626 3293 Nicopolin,
647 3232 723 3291 quse
744 3214 779 3275 in·
796 3210 890 3295 Epiro
912 3221 992 3286 erat,
1020 3213 1154 3287 faceret,
1180 3232 1238 3274 uec
1254 3218 1358 3283 tamen

147 3300 225 3360 banc
244 3318 311 3360 rem
333 3304 506 3359 exsecutvun
519 3316 608 3363 esse.
638 3297 733 3375 Quem
743 3299 942 3361 coniecturam
952 3299 1033 3358 bsud
1042 3314 1359 3377 parumeocommen·
1417 3294 1420 3301 ’

146 3384 212 3444 deri
232 3383 397 3456 eredimus,
420 3381 498 3461 quod
518 3381 637 3443 aliunde
654 3380 712 3466 (ci.
722 3382 743 3442 2
755 3381 822 3443 Cor.
838 3383 868 3456 1,
883 3380 925 3442 15
933 3378 993 3464 sq.)
1000 3370 1358 3463 contatjjl’tultrlr'rjm

148 3467 300 3542 ultimum,
320 3466 398 3546 quod
410 3462 534 3547 'Ephesi
554 3467 669 3549 exegit,
690 3473 819 3550 tempus,
840 3471 872 3527 et
893 3466 1023 3547 quidem,
1044 3467 1089 3529 uti
1110 3449 1303 3550 (pandect
1312 3465 1358 3551 b.)

168 3552 276 3617 rubere
300 3547 501 3626 studebimus,
521 3555 594 3613 ,sate
619 3550 749 3615 hiemem
770 3550 924 3613 consilium
941 3551 1065 3631 cepisse
1084 3552 1143 3615 iter
1161 3552 1359 3634 umuooaper
1454 3610 1458 3621 ,

147 3570 291 3699 llumum
311 3630 386 3717 (non
405 3633 555 3717 louge-,sb
571 3633 665 3714 Epiro
684 3635 835 3716 dissitum)
857 3637 887 3695 in
908 3634 1119 3697 Macedoniam·
1135 3636 1286 3713 ineundi-,³²
1302 3637 1359 3698 scd

148 3727 254 3802 postea
274 3717 452 3781 sententiam
473 3725 613 3780 mutasse.
654 3719 733 3795 Quid
752 3721 833 3800 quod
853 3719 1022 3802 apostolus,
1042 3740 1139 3801 quum-
1152 3721 1267 3801 itineris
1284 3728 1359 3799 *con

148 3804 249 3867 silium
267 3803 308 3868 ita
328 3804 515 3881 invertisset„
534 3809 569 3865 ut
588 3809 650 3867 uon
669 3802 814 3867 Corintho
834 3805 864 3881 iu
884 3804 1108 3884 Macedoniam,
1128 3792 1358 3883 sedebisced

148 3970 352 3987 m

1142 4000 1145 4007 ·
1170 4002 1174 4011 ·
1233 4000 1247 4017 ¹·
1277 3986 1301 4019 itt

214 4068 327 4121 'tacitum
335 4070 843 4155 praeteriissevidimusQ.itt-nonam.
852 4074 975 4129 Ceterum
984 4077 1065 4127 siiter
1073 4044 1358 4133 Cretensebrsa'i'ddimo

90 4166 93 4173 ·
217 4132 341 4203 (femme
358 4139 628 4210 nelmensisquidem
645 4143 755 4209 integri)
772 4144 860 4211 spatio
877 4141 1030 4193 absolutum
1047 4152 1101 4205 est,
1126 4128 1359 4211 non.illud¹'sius·

210 4201 293 4254 -modi
313 4203 393 4258 luisse
410 4202 536 4277 appdret,
557 4210 614 4276 ,quo
637 4225 668 4259 co
687 4226 780 4274 amur,
803 4218 833 4258 ut
857 4227 873 4258 a
888 4210 1019 4261 sententia
1035 4204 1190 4272 recedemus
1208 4226 1260 4293 aa,
1278 4212 1359 4283 quam

198 4294 201 4299 ·
239 4275 342 4343 ‚tosrp
359 4271 394 4325 de
413 4274 555 4327 intervallo
581 4290 597 4324 a
619 4275 649 4326 P.
670 4227 769 4347 llpbes'i
794 4288 889 4341 exacto·
908 4278 1103 4347 proposuimus.
1170 4276 1202 4342 s)
1216 4274 1360 4357 Nrco'polirs

244 4340 352 4391 brecise
376 4358 393 4392 a
414 4342 532 4395 Traiano
558 4340 665 4409 demum
688 4342 837 4411 conditam,
861 4342 978 4414 ideoque
999 4345 1027 4395 in
1046 4344 1200 4413 qupestiode
1218 4342 1306 4407 ndstra
1323 4363 1360 4398 ne

216 4405 412 4477 respiciendam
454 4409 544 4463 uidem
567 4426 638 4474 esse,
659 4410 732 4463 baud
752 4413 832 4482 pauci
853 4410 1060 4478 contenderunt3
1087 4423 1114 4464 st
1135 4430 1190 4464 ιιοιι
1215 4406 1357 4482 Thraciae,

217 4474 266 4526 sed
282 4475 402 4530 Moesiae
419 4478 563 4549 Nicopolin
579 4476 612 4529 eb
629 4477 681 4532 boc
698 4480 859 4549 imperatore
876 4496 930 4533 esse
948 4490 1123 4548 exstructam,
1146 4478 1357 4547 Schr'sderup

217 4542 250 4610 (¹·
267 4542 287 4599 l.
302 4562 332 4615 p.
351 4546 635 4633 neumanensis.
1099 4556 1103 4563 .
1292 4546 1302 4589 Ι.
