2978 5168
104 250 110 259 ·
140 257 203 320 ιιι
309 256 397 321 css.
417 258 467 321 ιιι.
510 259 565 321 oa
586 258 849 322 muscanea
869 258 1021 323 annun
1034 258 1199 341 annuns

226 430 342 507 Quibus
362 432 404 490 ita
424 430 580 510 expositis.
602 430 693 491 laute
712 431 901 511 intelligitur,
932 450 985 494 res
1004 433 1080 495 inde
1096 452 1116 494 a
1134 432 1201 497 XV.
1221 435 1362 499 Actm

141 536 206 597 cap.
228 522 362 577 narratas
382 514 429 574 his
451 515 579 574 adnexas
600 514 696 611 luiwe
716 517 922 596 temporibus:
1052 540 1076 567 ·=·
1123 536 1128 557 ··
1273 548 1277 557 ι

185 686 395 768 Apostolorum
410 684 572 745 concilium
585 702 645 745 nou
658 688 755 746 serius
768 686 900 747 habitum

248 776 296 832 est
667 816 670 821 .
743 818 748 827 .
1043 790 1120 833 auno
1134 772 1362 853 epochaellioa

184 973 292 1119 Paultue
313 972 470 1117 Apttiochia
498 971 528 1032 iu
549 970 700 1053 Europam
721 990 780 1033 non
800 974 899 1034 serius
1305 874 1363 1007 ῃ.

263 1068 332 1119 etcn
354 1077 363 1117 ι

186 1159 363 1221 Corinthum
383 1158 502 1219 advenit
522 1165 688 1218 onctnmno

184 1261 298 1322 [bidem
319 1267 515 1320 commoratur
538 1265 584 1318 est
605 1259 641 1318 ud
666 1278 719 1318 cer
739 1276 833 1337 usque

185 1361 258 1425 lude
278 1360 432 1441 proiectus
453 1360 669 1439 Hierosolyma·
688 1362 826 1440 persenit
842 1378 901 1440 pa·

248 1446 356 1508 scitule
376 1453 427 1506 aut
444 1450 633 1526 pentecoste

184 1547 340 1629 Ephesm
360 1547 434 1609 suit
454 1556 622 1609 onctnmno

184 1646 230 1709 ihi
250 1657 384 1710 versatus
406 1655 454 1712 est
474 1648 511 1709 ad
529 1653 732 1729 pentecosten
754 1666 849 1729 usque

183 1749 359 1811 corinthum
380 1751 499 1812 intravit
520 1750 575 1811 suh
596 1730 688 1809 lihem

183 1852 250 1915 Huc
264 1852 340 1913 urhe
353 1851 459 1913 relicta
474 1849 678 1912 Macedoniam
693 1850 779 1929 petiit
793 1850 913 1910 ineunte

183 1952 331 2035 Phllippis
359 1953 570 2033 Hierosolyma
603 1958 707 2013 vectus
741 1958 789 2013 est
820 1953 898 2012 inter

230 2036 363 2120 'pascito
383 2044 415 2100 et
432 2044 636 2119 pentecosten

208 2303 307 2425 posim
335 2307 369 2358 nb
388 2306 643 2378 Hierosolymitanis
667 2282 874 2358 includebatur
891 2304 943 2421 gol.
959 2326 985 2374 p.
1000 2306 1076 2369 sa),
1096 2320 1154 2355 sese
1185 2306 1366 2375 continemus·

261 2376 375 2427 'tamen
391 2377 540 2445 potuisset,
560 2388 592 2427 ut
609 2393 664 2427 uno
689 2374 748 2442 die,
771 2376 838 2444 quin
862 2373 890 2424 bi
911 2373 1054 2441 ueprius,
1084 2390 1165 2441 quarn
1180 2372 1322 2426 Kalendae
1337 2384 1361 2427 et

210 2461 304 2512 azyma
320 2445 640 2515 Hierosolymitsnorum,
661 2454 816 2511 agerentur3
834 2443 875 2492 sin
898 2441 995 2491 limites
1008 2440 1079 2490 -illos
1096 2439 1141 2491 die
1158 2457 1213 2490 uno
1231 2444 1360 2493 excessis-

209 2520 286 2576 sent,
315 2523 342 2563 et
359 2514 452 2563 Nissni
476 2514 583 2563 initium
608 2524 636 2563 et
656 2511 790 2581 paschalis
815 2510 912 2561 festum
930 2508 1060 2577 Philippis
1088 2507 1133 2559 vel
1159 2507 1251 2559 triduo
1275 2512 1357 2627 prius,
1396 2535 1406 2556 s

248 2598 290 2629 nur
307 2580 423 2645 Hieros,
441 2580 602 2631 celebratum
622 2598 694 2640 esse,
712 2598 766 2630 non
782 2596 891 2648 prorsus
909 2578 1025 2628 alienum
1043 2587 1111 2627 esset
1127 2594 1141 2626 a
1159 2575 1276 2645 prohahi
1293 2579 1360 2629 'tate

210 2597 313 2765 §isium
330 2651 471 2711 concessis,
489 2648 539 2700 hoc
557 2648 637 2699 simul
654 2646 821 2716 largiendum
841 2658 888 2699 est.
904 2644 964 2697 fieri
982 2646 1115 2713 potuisse,
1133 2656 1164 2693 ut
1180 2646 1360 2697 intersecan-

230 2735 275 2765 um
294 2734 449 2783 azymorum
459 2717 678 2786 Philippensium
696 2716 768 2767 diem
795 2726 820 2766 et
837 2723 1011 2784 pentecosten
1027 2712 1305 2781 liierosolymitanam
1320 2712 1360 2777 1ιί,

208 2784 270 2841 Lll,
290 2787 353 2851 quin
372 2785 405 2833 lll
424 2785 489 2835 etL
517 2784 574 2835 dies
600 2786 735 2836 interiecti
760 2794 864 2845 essent,
890 2794 974 2851 atque.
997 2791 1044 2841 nt,
1069 2782 1197 2850 quonism
1214 2780 1313 2833 eadein
1328 2780 1360 2833 de

210 2869 288 2901 causa
305 2862 423 2902 statuere
445 2853 557 2917 liceret,
584 2853 651 2919 hos,
681 2854 728 2922 qui
745 2870 885 2902 numerum
902 2850 925 2900 L
943 2847 1093 2911 excedunt,
1120 2846 1178 2898 dies
1195 2847 1360 2900 interlinita

208 2917 421 2987 Philippensium
445 2939 540 2981 azyma
566 2932 593 2972 ct
615 2920 693 2971 Pauli
719 2938 753 2970 ex
782 2919 888 2971 illorum
912 2916 979 2968 urhe
1011 2916 1155 2982 digressum
1187 2917 1360 3035 interpositos

206 2983 298 3041 fuisse.
315 2987 414 3055 pascha
425 2980 596 3057 Philippense
614 3001 675 3038 onte
691 2987 772 3039 dunno
789 2989 855 3037 diem
867 2986 902 3036 ad
920 2987 1022 3036 exitum
1041 2982 1242 3052 perduceretur.
1287 3001 1359 3035 erun

209 3054 257 3103 etei
273 3051 338 3103 haec
356 3054 540 3118 concedimus,
567 3068 655 3107 tamen
673 3055 735 3107 inde
752 3074 857 3106 causam
874 3065 992 3105 nostram
1009 3051 1162 3103 detrimenti
1180 3050 1248 3119 quid
1264 3068 1360 3121 capere

207 3136 342 3187 negemus.
376 3122 625 3173 Etenimsolorinin
641 3124 720 3190 Phil,
744 3126 767 3173 si
792 3123 836 3174 rel
861 3124 946 3171 triduo
965 3131 1027 3170 ante
1048 3119 1145 3189 pascha
1162 3119 1269 3173 Hieros.
1287 3120 1360 3173 celc-

208 3186 285 3238 hrata
303 3192 365 3237 sistit
382 3188 424 3254 (id
442 3190 516 3305 {sind
532 3201 588 3240 tum
607 3190 724 3255 demum,
743 3202 772 3241 ut
789 3189 869 3241 modo
886 3190 1076 3248 indicavi-us,
1104 3185 1226 3239 accidere
1242 3196 1359 3256 poterat,

207 3256 230 3306 si
247 3256 341 3306 Nissni
356 3254 442 3307 Kalen
465 3275 495 3309 ae
527 3257 626 3309 limites
653 3271 789 3309 consuetos
813 3276 867 3308 uno
893 3256 938 3307 die
960 3255 1183 3319 antecesserunt),
1216 3272 1291 3307 anno
1319 3273 1359 3319 eo,

208 3342 263 3392 quo
281 3323 451 3377 Peultimu'm
475 3326 504 3374 in
526 3327 620 3377 urbem
636 3337 754 3376 sanctum
771 3328 823 3375 iter
850 3327 983 3394 suscepit,
1012 3324 1087 3395 priup
1106 3322 1216 3373 Veneris
1240 3320 1289 3375 die
1308 3326 1359 3441 lin

207 3394 255 3460 qui
272 3393 368 3442 tertius
386 3404 454 3443 esset
471 3405 533 3443 ante
559 3393 637 3444 lunae
659 3392 743 3458 diem)
767 3390 840 3443 finiri
857 3410 912 3442 non
929 3402 1091 3461 potuerunt;
1111 3401 1139 3441 at
1155 3409 1180 3443 s.
1195 3394 1249 3456 on,
1266 3391 1292 3441 ei
1331 3392 1358 3441 i-

207 3476 285 3508 sanus
303 3476 357 3509 uno
383 3459 540 3524 dionisius,
568 3478 649 3530 quam
685 3479 713 3511 er
734 3461 832 3510 limites
849 3460 942 3511 solitos
959 3458 1067 3523 licebat,
1084 3460 1191 3510 initium
1206 3458 1291 3527 cepit,
1309 3476 1359 3530 pa-

207 3524 306 3576 schatis
336 3525 393 3578 dies
422 3540 554 3579 extremus
584 3547 644 3580 cum
697 3530 790 3578 arsurii
808 3527 852 3579 die
883 3530 1015 3581 convenit.
1065 3527 1180 3595 Neque,
1207 3527 1231 3577 ei
1259 3524 1358 3577 festum

207 3592 324 3663 Philipp.
344 3596 420 3646 biduo
438 3599 529 3665 prius,
549 3615 627 3666 quarn
645 3597 758 3659 Hiems,
786 3595 950 3648 celebratum
968 3613 1024 3646 esse
1041 3595 1202 3657 conieceris,
1227 3593 1301 3657 hoc,
1325 3592 1357 3645 de

207 3677 262 3727 quo
280 3663 390 3728 agimus,
408 3665 461 3713 iter
477 3665 505 3713 in
523 3683 547 3716 s.
565 3670 607 3715 ot.
625 3662 746 3716 conferre
764 3666 874 3731 potaris.
925 3665 1048 3724 Etenim,
1074 3664 1201 3731 quonian
1218 3661 1271 3712 hoc
1288 3678 1357 3713 anno

206 3727 305 3794 pascha
331 3730 605 3800 Hierosolymitanum
630 3735 719 3800 (cuius
742 3732 815 3782 urhis
842 3730 891 3782 suh
909 3730 1059 3782 meridiano
1074 3730 1154 3793 lune,
1179 3740 1210 3780 ut
1232 3728 1358 3795 vidimus,

204 3796 313 3845 nonnisi
340 3800 374 3847 44
402 3800 512 3847 minutis
540 3799 663 3861 tardius,
692 3818 770 3867 quam
800 3799 849 3851 sub
877 3799 1027 3850 meridiano
1052 3796 1274 3865 Philipp.,¹silet)
1304 3814 1357 3848 non

206 3864 289 3913 serius
322 3860 461 3932 dieApr.
490 3871 539 3930 16„
569 3870 614 3933 qui
639 3867 782 3919 sabbatum
809 3878 885 3929 erat,
918 3866 952 3915 sd
977 3865 1059 3915 finem
1084 3867 1171 3931 venit,
1199 3882 1358 3933 aemorum

205 3928 276 3981 Phil.
295 3926 353 3979 dies
370 3929 489 3993 ultimus,
518 3933 540 3982 si
568 3932 651 3985 hiduo
681 3948 742 3984 onte
772 3936 874 3984 exitum
902 3933 962 3984 festi
981 3935 1053 3984 Hier.
1073 3944 1146 3984 sotus
1175 3942 1357 3997 esset,·non·

206 3997 257 4045 nisi
284 3997 313 4045 in
341 3993 413 4047 diem
440 3999 512 4047 Iovis
541 4011 587 4049 aut
610 4002 738 4051 Mercurii
766 4001 910 4052 incidisset.
963 4003 1017 4063 At,
1043 4019 1097 4071 quo
1120 4017 1189 4050 enno
1213 3999 1314 4053 Paulus
1343 4016 1356 4050 e

204 4062 367 4115 Macedonia
396 4065 582 4134 Hierosolyma
612 4071 761 4136 navigavit,
792 4070 908 4136 pascha,
950 4071 1043 4121 eadem
1075 4070 1162 4139 posita
1190 4065 1356 4131 conditione,

205 4133 318 4183 nonnisi·
339 4142 385 4183 aut
407 4139 431 4186 l.
456 4144 501 4182 aut
520 4139 543 4185 l.
560 4134 687 4187 hebdom.
717 4135 763 4187 die
787 4148 910 4187 exactum
935 4148 980 4187 est.
1031 4138 1069 4187 Ita
1097 4152 1156 4197 nec,
1185 4136 1208 4185 si
1234 4134 1357 4187 oolanma

204 4200 274 4254 Phil.
300 4219 352 4250 uno
380 4199 425 4252 die
459 4201 556 4252 festum
583 4205 685 4259 Hieros.
716 4207 884 4257 antecessisse
917 4207 1067 4274 putaveris,
1105 4207 1156 4255 iter
1184 4200 1257 4253 illud
1281 4218 1373 4275 anno·

205 4271 248 4319 57.
280 4271 408 4335 assignari
443 4288 540 4339 posse,
574 4276 677 4322 ratione
703 4274 790 4337 inita,
817 4272 898 4325 facile
921 4275 1073 4343 perspicies.
1124 4271 1173 4321 Sin
1206 4271 1266 4340 quis
1296 4271 1356 4323 vice

204 4351 284 4387 versa
307 4337 565 4405 hierosolymitanos
591 4341 689 4410 pascha
718 4340 760 4391 rel
779 4358 830 4390 nno
861 4340 905 4391 die
925 4343 1017 4408 prius,
1050 4358 1130 4408 quam
1157 4338 1246 4407 Philip
1266 4354 1354 4401 enses,

206 4402 576 4525 {tilittlztt‘n.l’
600 4408 934 4544 ‘tilittllttlt‘lti
947 4406 1241 4528 tilithi&
1256 4407 1355 4523 'm

206 4533 300 4587 diebus
317 4541 354 4587 ts
365 4492 519 4592 'interfusis
535 4494 652 4594 sidilhus
669 4541 717 4609 (ci.
734 4563 761 4613 p.
780 4547 868 4612 111.)‚
893 4561 926 4597 eo
944 4546 952 4594 i
972 4561 1003 4597 so
1019 4562 1051 4607 oz
1072 4562 1116 4595 me
1132 4514 1204 4593 Phil.
1227 4542 1355 4611 proxime

188 4610 268 4655 ‘ante
279 4603 357 4655 Pauli
376 4623 411 4655 ex
429 4606 523 4658 horum
539 4612 650 4661 civitate
671 4609 829 4680 dmcessum,
847 4615 865 4667 i.
883 4630 906 4665 e.
956 4612 1024 4663 artie
1068 4613 1110 4677 ὀ,
1128 4608 1207 4661 linita
1224 4624 1281 4660 cete
1297 4625 1354 4677 po-
