2956 5168
283 166 286 171 ’
344 172 434 236 AGT.
457 172 510 250 tx,
531 173 657 236 1-81.
708 172 991 237 unnotrnttunt.
1060 196 1062 201 ·
1217 178 1281 241 lna

55 336 214 430 δηλονότι
235 337 335 429 ἑτέρα
356 339 445 407 ἐστὶν
468 332 632 425 ἀνάβασις
654 337 748 449 adop.
787 343 846 428 Τῷ
867 336 976 408 εἰπεῖν
998 337 1105 409 citou·
1151 326 1210 410 διά
1233 342 1277 436 ιδ’

55 427 147 501 ἐτῶν,
171 427 264 492 δοκεῖ
284 449 347 508 μοι
367 425 446 503 τοῦς
466 421 608 513 χρόνους
627 428 693 491 τιῦν
714 420 1005 506 αποστόλωντοῦς
1027 423 1097 513 ἀπὸ
1119 431 1178 517 τῆς
1200 424 1281 497 ἀνα·
1315 492 1320 505 ,

55 508 196 600 λήψεως
217 508 380 599 ἀριθμεῖν
402 505 511 577 αὐτόν.
549 505 637 576 §aad
659 509 723 598 γὰρ
750 513 811 599 τῆς
839 505 1044 618 ἀναλβψεως
1075 517 1137 580 τοῦ
1163 514 1281 604 κυρίου

55 595 120 674 ἕως
146 591 269 683 ταύτης
295 599 355 683 τῆς
382 591 577 679 ἀναβάσεως
602 595 811 683 πληροῦνται
831 599 897 662 τιῦν
918 593 1118 664 αποοτῦλων
1145 596 1201 686 ἔτη
1226 598 1279 671 ιδ,
1319 638 1323 645 ·

54 685 158 791 ρβνες
188 680 223 749 ι’.Ι
256 681 327 753 Καὶ
356 678 387 747 εἰ
413 681 460 768 μὴ
490 683 588 747 τοῦτο
620 681 744 762 δῶμεν,
771 675 996 770 εὑρεθήσεται
1019 678 1036 748 ὁ
1057 679 1187 771 χρόνος,
1212 681 1277 773 ἀφ’

55 791 95 832 ου
120 764 312 874 ἑβαπτίσθν]
323 765 391 841 ,καὶ
413 760 608 853 ἀνέβλεψεν,
631 759 678 843 ὡς
692 764 908 852 περιέχουσιν
923 763 958 833 αἶ
973 763 1144 856 Πράξεις,
1168 768 1224 877 ἔτι,
1241 766 1280 836 δ.

51 851 127 918 -Καὶ
147 855 246 917 τοῦτο
269 875 308 916 ου
323 847 426 933 μόνον
441 850 557 929 καθὼς
572 847 608 916 αἱ
622 846 774 939 Πράξεις
795 849 966 939 φέρουσιν,
991 847 1150 920 ἀλλὰκαὶ
1167 850 1281 942 'licon-

53 962 132 1015 -πσς,
156 936 268 1020 λέγων,
292 933 370 1022 τρία
392 932 449 1021 ἔτη
472 934 645 1002 Κλαυδίου
669 935 768 1020 ζῆσαι
789 934 847 1001 τδν
864 931 1035 1024 Ἡρώδην·
1066 938 1123 1005 καὶ
1151 935 1282 1020 εῦδέως

54 1020 141 1107 μετὰ
168 1021 228 1171 αρν
248 1019 403 1128 τελευτὴν
419 1018 575 1109 Ἡρώδου
596 1021 771 1108 λκληθῆναι
791 1021 931 1087 Παῦλον
951 1023 1009 1088 καὶ
1030 1020 1210 1112 Βαρνάβαν
1232 1023 1282 1117 εἰς

54 1102 189 1173 ἀπαοτο
212 1105 266 1192 ἦν,
295 1110 376 1172 τοῦτ
420 1103 508 1183 ἔστι,
539 1101 700 1196 τετάρτου
729 1101 851 1195 χρόνον
872 1105 1063 1185 Κλαυδίου,
1097 1103 1144 1188 ὡς
1165 1110 1222 1177 καὶ
1245 1109 1282 1178 αὶ

55 1186 208 1280 Πράξεις
231 1191 400 1277 δηλοῦσιν.
1291 1222 1295 1230 ’
1329 1264 1334 1276 ,

142 1280 211 1339 Hoc
232 1280 302 1340 loco
325 1281 395 1359 quia
416 1279 553 1340 chronici
572 1284 683 1354 auctor
704 1279 856 1351 observat,
878 1279 965 1339 Pauli
988 1286 1019 1340 et
1041 1282 1198 1342 Barnabae
1221 1286 1282 1344 iter

57 1364 200 1437 Hieron„
223 1365 304 1442 quod
327 1366 357 1423 in
380 1385 429 1444 ep.
451 1364 490 1425 ad
518 1363 585 1424 Gal.
615 1383 641 1423 c.
663 1364 693 1423 2.
721 1370 878 1438 narretur,
908 1365 1131 1443 conferendum
1158 1367 1227 1429 es'se
1249 1370 1281 1430 in

56 1469 168 1510 annum
192 1449 310 1509 claudii
333 1456 469 1523 sextum,
498 1449 562 1508 aive
584 1468 679 1509 annos
701 1447 773 1508 XIV
795 1470 813 1508 a
835 1449 949 1510 Christi
971 1452 1186 1533 adscensione,
1216 1456 1281 1515 sive
1366 1469 1371 1477 ·

57 1535 288 1614 quadriennium
303 1555 321 1593 a
334 1532 421 1594 Pauli
436 1535 586 1614 baptismo
602 1553 760 1593 numeres:
782 1534 848 1594 aliis
873 1555 942 1595 eum
963 1537 994 1595 in
1010 1538 1099 1596 codd.
1115 1538 1280 1600 lectionem

48 1617 240 1691 δεκατεσσ,
263 1621 293 1678 in
308 1620 374 1680 aliis
397 1639 504 1679 vocem
525 1637 612 1682 τεσσ.
634 1619 787 1678 invenisse
802 1619 1066 1702 concluseruntb).
1089 1623 1175 1698 Quae
1190 1646 1280 1705 argu-

51 1705 204 1764 mentatio
220 1724 290 1765 num
305 1710 391 1765 recte
405 1724 441 1776 se
455 1703 577 1778 habeat,
595 1703 666 1764 loco
680 1706 851 1765 accuratius
866 1706 1006 1785 inspecto
1021 1708 1237 1787 intelligemus.

143 1788 278 1849 Primum
298 1791 391 1867 igitur
413 1790 551 1849 chronici
573 1794 705 1865 auctor,
729 1789 811 1850 baud
839 1790 930 1850 dubie
952 1792 1031 1870 quin,
1061 1813 1137 1871 quae
1159 1794 1226 1853 Act.
1248 1796 1280 1869 9,

61 1874 105 1935 18
118 1908 162 1921 -
174 1875 227 1935 26.
245 1874 290 1935 -de
310 1874 398 1935 Pauli
419 1875 457 1937 ad
478 1875 634 1936 Cluistum
663 1876 862 1936 conversione
889 1876 1049 1938 traduntur
1078 1878 1169 1939 etde
1190 1872 1280 1939 itine-

57 2043 256 2058 “Q-⁸·—

92 2182 94 2186 ·
127 2162 158 2279 hp
175 2161 365 2227 Semlerne,
385 2161 449 2213 dum
468 2150 507 2231 (in
525 2162 595 2233 prol.
612 2163 647 2214 ad
664 2163 791 2233 paraphr.
808 2179 850 2234 ep.
868 2161 905 2213 ad
922 2163 982 2218 Gal.
1000 2182 1028 2234 p.
1040 2166 1097 2231 tt.)
1115 2165 1189 2231 inde,
1207 2166 1282 2236 quod

126 2246 141 2282 o
162 2231 248 2296 ionici
286 2230 358 2285 nach.
378 2242 470 2285 auctor
488 2251 535 2297 ea,
553 2249 622 2300 quae
639 2232 730 2285 locum
745 2229 827 2283 modo
846 2230 1009 2302 descriptum
1028 2235 1153 2302 proxime
1173 2247 1282 2287 antece-

126 2297 233 2360 dunt,.e
251 2249 399 2351 liaciano
418 2299 538 2352 derivata
556 2317 611 2353 eece
623 2299 724 2351 latetur
740 2312 851 2368 atquee
869 2297 1090 2352 Clemente-
1105 2300 1139 2353 de
1154 2302 1282 2353 Clemente

125 2365 212 2428 Alex„
233 2369 344 2435 eiusque
360 2367 447 2438 hypot
489 2367 589 2431 osibua‚'
605 2367 779 2419 Semlerus
801 2368 902 2434 cogitat
924 2367 1005 2436 [ibid.
1040 2369 1109 2438 .68.].
1132 2370 1283 2421 Clementem

129 2435 276 2487 Romanum
288 2387 504 2504 cangiueylln
522 2447 585 2486 nota
607 2435 640 2485 ad
652 2437 772 2488 chronici
783 2435 872 2501 locum
884 2438 973 2486 atatim
987 2387 1162 2502 adprendum,
1181 2458 1209 2507 p.
1222 2445 1282 2490 528.

28 2532 31 2537 <
101 2508 104 2513 '
128 2501 276 2564 edrone,
299 2503 411 2556 taum.
427 2504 501 2572 Ven]
527 2503 669 2571 intelligit3
689 2503 736 2556 sed
755 2522 786 2555 eo
805 2514 892 2569 certe,
918 2522 998 2572 quern
1015 2506 1060 2556 bic
1079 2505 1195 2557 conferri
1213 2506 1282 2571 vult,

127 2569 294 2621 subditarum
307 2568 454 2624 Clementis
473 2573 685 2638 recognitionum
704 2573 774 2636 loco,
793 2572 812 2625 l.
824 2573 860 2624 X.
873 2589 911 2625 co.
923 2577 964 2624 60.
976 2578 1017 2626 61.
1036 2573 1113 2630 nibil,
1140 2573 1214 2643 quod
1229 2574 1283 2626 h'uo

126 2640 269 2708 pertineat,
282 2639 481 2706 legitur-dum
495 2659 528 2691 ex
540 2641 589 2704 hie,
601 2640 864 2710 inquam,Semlerua
878 2639 1025 2704 concludit,
1037 2642 1088 2691 toti
1100 2640 1163 2692 huic
1175 2653 1283 2712 tempo·

127 2724 187 2754 rum
200 2707 373 2757 Paulinorum
388 2709 583 2779 computationi
596 2710 755 2778 antiquioris
772 2707 900 2759 historiae
918 2710 1060 2775 vestigium
1078 2708 1194 2765 subesse.
1208 2708 1283 2760 hand

128 2772 243 2824 obscure
259 2774 365 2839 innuit,
390 2778 444 2826 iana
467 2787 587 2827 vetustos
604 2777 666 2827 illoa
685 2779 826 2846 scriptores
843 2775 930 2826 rideri
948 2778 1000 2827 sibi
1018 2776 1164 2827 lectionem
1182 2773 1283 2830 τεσσά-

127 2856 185 2912 ρων
209 2860 263 2892 non
287 2843 433 2909 ignorasse.
467 2845 568 2895 Verum
594 2844 665 2900 enim
689 2863 751 2896 varo
776 2845 813 2907 ia,
842 2847 888 2913 qui
906 2844 1052 2895 chronicon
1069 2857 1188 2895 nostrum
1209 2863 1282 2898 com-

126 2910 232 3026 posuit,
259 2909 397 2973 haeo,'ut
417 2913 501 2962 multa
527 2913 593 2975 aliu,
622 2931 657 2964 ex
676 2913 801 2965 Malela
824 2913 920 2982 petiit,
947 2911 978 2962 id
995 2911 1071 2981 quod
1088 2931 1123 2965 ex
1140 2915 1283 2985 utriusque

139 2979 181 3027 oei
200 2977 344 3030 collatione
361 2980 443 3032 facile
460 2981 647 3050 perepicietur.

127 3043 723 3186 Chiliifl'ai.libiniilliesslibili
790 3081 882 3132 ΜΨ
897 3081 949 3132 ¹³⁶
969 3080 1280 3152 9⁴³¹¹'⁰‘¹'⁰l³¹¹¹¹⁰⁸d¹'

163 3176 259 3248 Τούτῳ
270 3186 306 3246 τῷ
315 3184 431 3252 πέμπτῳ
440 3183 492 3236 ἔτει
499 3183 641 3236 Κλαυδίου
653 3202 722 3256 προ·
804 3178 835 3235 ‘0
847 3180 878 3234 δὲ
889 3177 1116 3250 tricenariae
1132 3183 1200 3250 μετὰ
1216 3185 1284 3236 ταῦ-
1389 3210 1392 3215 ·

124 3249 329 3333 χειροτονηθεὶς
349 3252 486 3310 Παῦλος
511 3252 666 3317 εἰσῆλθεν
685 3253 723 3312 εἰς
773 3247 1218 3322 ταέλθώνένέίντιοχείᾳτῇ
1228 3266 1284 3320 με-

48 3378 52 3385 ,
125 3314 722 3388 Λντιοχειαντὴνμεγάλην,καὶμα-
773 3314 1284 3391 γάλρ,καὶμαθα“ινταῦταπερὶ

128 3380 202 3434 θεὸν
219 3387 299 3455 περὶ
321 3387 379 3439 τοῦ
396 3381 477 3457 ἁγίου
493 3391 630 3456 Πέτρου
647 3390 724 3455 (eum
773 3387 834 3440 τοῦ
852 3389 1000 3459 Πέτρου,

128 3452 374 3507 Christianorume
401 3455 523 3523 gentibue
547 3455 723 3508 oriundorurn

63 3522 66 3527 ’
127 3520 348 3572 consuetudinem
363 3524 479 3584 vitreae,
499 3522 558 3574 Gal.
570 3529 596 3578 2.
613 3525 725 3593 lisqq.)
1129 3576 1131 3580 ,

126 3589 272 3655 πανταχοῦ
291 3583 321 3639 τὸ
341 3586 499 3642 σκάνδαλον
521 3592 647 3657 περιεῖλε,
663 3591 725 3643 καὶ
775 3584 1105 3649 καὶπάνταςέσωςὲδ
1111 3590 1147 3650 έξ
1154 3605 1213 3643 ατο
1225 3589 1286 3642 eet

126 3652 724 3730 πάνταςδδέξατσκαὶήγάπα,προ·
774 3652 908 3726 ἠγάπα,
932 3651 1286 3730 προτρέπόμενοςά-
1371 3728 1374 3733 ¹

127 3719 722 3798 τρεψάμενοςπάντας,καθώςσυν-
774 3719 1285 3810 παντας,καθῶςσυνεβράψαν-

125 3786 725 3933 zoiattinntnituntur
773 3788 1287 3934 reintromittant?

375 3900 383 3928 ν
665 3899 667 3903 ’
702 3901 709 3915 ·
952 3901 960 3928 ι
1279 3899 1286 3913 ·

126 3944 213 4015 Atqui
244 3946 377 4013 Mulelae,
406 3949 485 4000 aliam
515 3965 625 4019 protana
661 3946 836 4017 computandi
870 3948 1003 3999 rationein
1033 3951 1182 4016 ingressae,
1219 3946 1286 3999 haec

128 4031 182 4065 non
205 4015 295 4082 quinto
317 4015 421 4066 claudit
445 4036 513 4066 anno
541 4018 578 4084 (a.
602 4015 638 4068 D.
659 4016 733 4084 dh),
767 4015 817 4067 sed
841 4028 963 4085 quartum
997 4017 1069 4068 inter
1105 4027 1131 4066 ct
1159 4015 1286 4064 'decimum

125 4093 187 4148 poet
211 4083 308 4133 Christi
330 4086 522 4140 adscensionem
544 4102 645 4134 annum·
675 4085 707 4148 (i.
735 4103 760 4135 e.
779 4086 851 4134 inter
867 4103 927 4136 ann.
948 4101 972 4135 a.
990 4084 1025 4136 D.
1047 4085 1090 4137 ³6.
1108 4095 1136 4133 et
1152 4083 1206 4146 42.)
1230 4097 1286 4148 po·

127 4142 176 4200 nil.
222 4151 314 4218 ltaque
349 4151 416 4217 quid
449 4153 572 4204 Clemens
603 4162 630 4200 et
659 4151 792 4217 Tatianue
818 4148 852 4199 de
880 4149 1047 4230 temporibus
1079 4149 1119 4199 rel
1149 4146 1286 4218 discepta-

126 4216 209 4266 tionie
233 4218 307 4268 illiue
332 4219 404 4268 inter
421 4217 533 4268 Paulum
553 4235 583 4267 ao
600 4219 707 4268 Petrum
731 4227 821 4279 ortae,
846 4216 890 4267 rel
912 4218 1016 4268 itineris
1035 4215 1095 4269 Gal.
1114 4219 1140 4279 2,
1162 4218 1186 4267 1.
1210 4232 1287 4277 con.-

128 4287 268 4336 memorati
294 4286 443 4353 senserint,
471 4303 585 4353 quamve
601 4287 632 4335 in
651 4285 691 4335 hia
707 4284 875 4355 temporibus
893 4282 1054 4335 definiendis
1070 4282 1214 4337 lectionem
1233 4287 1287 4336 rint
1308 4338 1311 4343 ,

126 4354 221 4419 secuti,
252 4371 286 4403 ex
314 4355 405 4408 chron.
435 4353 515 4405 Alex.
543 4352 612 4404 dieci
642 4369 695 4403 non
724 4371 802 4424 poree
831 4363 951 4423 apparet.
991 4355 1085 4422 Neque
1114 4352 1188 4415 inde,
1213 4350 1288 4422 quod

127 4418 376 4475 Tertullianum.
398 4421 469 4484 (adr.
494 4423 579 4474 Marc.
600 4426 625 4487 1,
644 4423 698 4540 2ορ
730 4420 841 4472 Paulum
869 4418 954 4472 aelate
979 4421 1039 4474 Gal.
1058 4425 1126 4484 21.
1153 4420 1288 4488 descripta

127 4488 280 4558 neophytum
303 4490 389 4551 luisse,
405 4491 488 4557 dicit,
518 4509 579 4541 curn
596 4489 675 4541 Sem
703 4507 766 4542 ero
797 4489 841 4559 (p.
861 4488 934 4556 ib),
953 4488 1032 4540 illum
1059 4489 1119 4544 hc.
1146 4492 1293 4554 minorent,-

128 4574 209 4625 quana
222 4554 306 4608 ²x1V
335 4566 481 4624 unnoruni,
521 4572 661 4610 nnmerum
697 4559 845 4629 reperisse,
878 4568 952 4610 recte
982 4558 1162 4625 concluteris,
1203 4572 1288 4624 qum

125 4624 199 4678 idem
227 4624 404 4692 allbi÷²iadn
433 4628 536 4680 Manen:
553 4631 588 4688 b.
620 4628 672 4694 8.)
711 4628 878 4696 aperuerim
903 4626 1049 4683 lectionum
1076 4625 1143 4681 xlv
1171 4635 1288 4677 tueatur.

1024 4770 1028 4776 Ι
1069 4695 1083 4754 l
