2956 5168
100 160 186 223 car.
196 160 243 256 ro.
259 159 312 223 aa
322 156 468 222 saura.
478 157 598 223 nanu
609 158 722 239 onan
729 152 1042 235 acarnanum
1051 162 1197 233 court.
1210 163 1246 234 o
1268 162 1309 224 ³1

100 351 118 391 a
137 330 244 403 Festo,
266 329 377 391 Felicis
398 347 580 406 successore,
602 330 726 392 Romam
746 333 853 394 mistos
875 340 937 406 est3
960 353 1018 412 quo
1040 352 1129 413 quum
1150 331 1309 411 navigaret,

99 434 155 492 per
175 420 237 475 tres
258 433 379 475 menses
393 415 423 473 in
438 413 543 475 Melita
564 415 658 475 insula
680 416 786 475 hiemis
808 437 896 477 causa
918 419 1070 489 detentos,
1093 417 1224 498 proximo
1238 435 1309 477 rere

98 501 130 559 in
157 499 262 559 urbem
289 501 439 664 pqrvenit,
468 499 568 578 ibique
595 501 746 560 biennium
773 501 803 560 in
831 502 923 562 libera
952 502 1083 562 custodia
1110 501 1210 580 exegit
1236 498 1308 576 (21,

98 583 248 658 27-28,
266 582 342 642 31..
664 654 666 659 ¹
793 650 795 654 ³

173 667 274 727 Haeo
295 686 469 746 quamquam
491 687 508 727 a
529 667 610 728 Luca
629 668 671 728 ita
691 674 760 728 sunt
782 669 947 749 (iuscripta,
978 676 1027 739 ut,
1058 677 1196 748 quantum
1217 669 1307 748 spatii

48 760 51 766 '
97 751 176 812 inter
198 752 328 831 singulas
354 770 405 812 res
434 752 655 826 intercesserit,
689 751 769 812 bauti
796 773 864 814 raro
892 754 981 814 facile
1008 754 1182 833 perspicere
1208 753 1305 826 liceat,

98 836 237 898 nonnulla
265 845 365 897 tamma
389 835 543 913 intervalla
564 855 583 895 e
602 837 667 896 sola
687 835 831 898 Actorum
859 839 1025 898 narratione
1046 837 1211 898 accuratius
1232 838 1308 897 deli-

90 920 157 981 niri
179 939 237 980 noo
250 926 383 998 possunt.
425 919 475 981 Ad
488 939 563 998 quae
577 921 696 999 quidem
714 923 826 981 certios
848 923 1054 990 constituentis
1074 941 1163 1001 quum
1184 921 1308 981 muboro

97 1005 183 1064 nobis
212 1004 349 1066 utilitatis
375 1005 538 1084 praebeant
567 1004 711 1083 epistolae
739 1005 879 1066 Paulinae
905 1007 984 1067 iutra
1011 1005 1212 1085 profectiones
1241 1005 1307 1065 illas

97 1088 243 1168 scriptae:
264 1106 358 1149 novae
378 1095 477 1150 tamen
496 1089 566 1148 inda
587 1090 721 1148 oriuntur
741 1089 949 1164 difficultates,
972 1090 1050 1168 quod
1069 1090 1174 1150 barum
1195 1090 1306 1168 episto-

96 1171 192 1235 larum
212 1191 271 1252 quo
293 1191 427 1252 quaeque
456 1174 487 1232 iu
507 1173 620 1250 itinere
641 1174 752 1252 scripta
774 1175 829 1248 sit,
856 1175 934 1235 inter
959 1176 1038 1234 viros
1060 1175 1163 1233 doctos
1184 1173 1308 1252 ambigi-

97 1263 154 1318 tor.
197 1255 300 1336 ltaque
318 1256 393 1332 tuit,
423 1275 512 1336 quum
539 1259 798 1343 operae-pretium
823 1259 972 1318 iacturum
998 1277 1048 1318 me
1069 1277 1137 1318 esee
1159 1258 1307 1316 existima·

96 1360 172 1416 rem,
193 1343 234 1415 si,
254 1349 411 1421 antequam
434 1342 472 1401 rle
493 1342 653 1401 intervallis
674 1361 774 1410 rerum
795 1334 974 1420 singularum
996 1360 1186 1419 exponerem,
1207 1360 1318 1401 meum
1408 1363 1411 1370 ·

98 1424 136 1485 de
156 1425 306 1486 historicis
320 1425 437 1486 illarum
451 1425 640 1503 epistolarum
666 1426 828 1485 rationibus
850 1426 989 1485 iudicium
1010 1426 1106 1486 literis
1127 1425 1305 1493 mandarem.

97 1509 159 1569 Serl
181 1517 338 1589 postquam
357 1508 506 1580 intellexi,
533 1508 589 1568 bac
610 1510 656 1568 via
677 1509 765 1581 inita,
793 1508 877 1583 iore,
900 1516 931 1568 ut
951 1509 1043 1569 molta
1066 1511 1109 1570 bis
1131 1516 1237 1588 terque
1257 1528 1307 1568 re-

97 1593 227 1672 petenda
247 1601 364 1666 essent,
385 1593 427 1652 ita
448 1592 547 1671 potius
568 1611 632 1652 rem
653 1591 861 1653 instituendam
883 1612 951 1654 esse
972 1592 1056 1668 duxi,
1076 1600 1118 1666 ot,
1139 1594 1166 1652 si
1187 1594 1226 1652 (le
1247 1611 1306 1671 qno

96 1677 240 1756 temporis
263 1678 366 1755 spatio·
385 1695 520 1754 agerem,
549 1677 585 1736 ad
607 1677 686 1754 quod
713 1677 789 1736 baec
812 1676 901 1736 illave
930 1677 1056 1756 epistola
1082 1677 1233 1755 pertinere
1260 1677 1308 1737 rol

98 1760 179 1833 aliis,
201 1760 248 1819 sel
268 1760 343 1820 mibi
361 1760 527 1834 rideretur,
554 1761 650 1821 allatis
672 1762 835 1821 sentcntiae
855 1780 939 1821 meae
960 1761 1148 1840 argumentis,
1169 1761 1199 1820 iu
1220 1780 1307 1822 usum

97 1864 196 1905 meum
218 1863 269 1904 eas
291 1852 493 1905 converterem
514 1858 616 1919 notas,
644 1863 722 1924 quae
742 1865 781 1905 er
800 1845 860 1908 illis
882 1846 989 1905 litteris
1010 1845 1048 1904 acl
1069 1850 1202 1928 tempora
1222 1856 1307 1906 recte

98 1927 264 1996 rtelimenda
283 1929 348 2008 peti
368 1936 498 2007 possent.

193 2012 240 2073 Ac
260 2014 388 2092 primum
409 2012 528 2092 quidem
549 2013 613 2072 sine
634 2013 694 2073 ulla
717 2012 894 2074 difficultate
914 2012 986 2072 illud
1008 2013 1148 2091 temporis
1168 2013 1307 2072 interval·
1421 2067 1424 2074 .

97 2097 158 2156 lum
179 2097 343 2171 invenitor,
370 2098 447 2176 quod
469 2097 506 2157 ab
527 2097 611 2158 initio
634 2097 767 2171 ultimae,
796 2117 883 2177 quam
904 2097 1013 2158 Paulos
1034 2097 1186 2176 suscepit,
1204 2097 1307 2175 profe-

98 2181 204 2241 ctionis
226 2180 514 2260 Hierosolymitanae
529 2181 566 2239 ad
581 2201 645 2242 eam
660 2196 755 2260 usque
775 2189 901 2241 aetatem
923 2182 1101 2255 intercessit,
1121 2183 1153 2240 io
1174 2200 1232 2259 qua
1253 2180 1307 2241 de-

80 2265 254 2324 scribenda
269 2264 365 2326 Lucas
386 2266 469 2326 Actis
490 2266 581 2324 finem
600 2267 762 2344 imposuit„
790 2265 865 2326 Nam
887 2264 1032 2345 Philippis
1053 2265 1219 2344 apostolum
1231 2271 1308 2344 ‘post

98 2350 193 2408 festos
216 2369 384 2428 azymorum
406 2350 472 2409 dies
497 2349 620 2409 solvisse
642 2349 786 2433 (Actio,
801 2347 863 2431 (i),
886 2351 965 2410 circe
984 2356 1177 2429 pentecosten
1198 2349 1308 2409 Hiero·

98 2433 220 2511 solymis
242 2430 639 2517 advenissettc,1o.)a),
667 2435 769 2514 paucis
797 2434 901 2494 diebus
922 2433 1106 2513 interpositis
1133 2434 1164 2493 in
1191 2433 1307 2496 vincula

98 2518 263 2578 coniectum
286 2517 361 2596 (21,
383 2518 425 2578 ‘tt
434 2514 524 2598 sqq),
553 2538 588 2577 ac
608 2538 677 2578 mox
693 2518 869 2579 Caesaream
885 2517 923 2578 ad
938 2518 1070 2579 Felicem
1082 2525 1307 2597 procuratorem
1374 2552 1382 2580 ,-

98 2602 256 2666 deductom
279 2622 348 2662 esse
371 2599 437 2748 qm,
459 2598 543 2683 66.)
566 2601 730 2675 Caesareae
750 2623 807 2681 per
827 2602 977 2664 biennium
998 2603 1144 2680 integrum
1165 2620 1183 2661 a
1204 2601 1307 2663 Felice
1400 2606 1404 2614 '

97 2693 243 2747 serratum
266 2686 372 2764 (212
394 2681 466 2766 ib),
487 2707 505 2748 a
526 2684 617 2748 Festo
638 2688 787 2748 auctumni
807 2693 984 2766 tempestate
1002 2683 1057 2768 (ci.
1069 2686 1144 2766 inpr.
1160 2682 1306 2766 2i,tl.)*)

116 2934 147 3002 u)
164 2935 211 2987 Be
221 2935 279 2986 rtb
290 2954 306 2987 ο
314 2935 325 2985 l
334 2933 352 2984 ι1
361 2946 372 2985 t
381 2937 391 2986 i
401 2952 438 2985 ue
456 2933 488 2998 (l.
499 2935 518 2988 l.
528 2935 563 2999 V,
572 2952 609 3006 ·p.
621 2913 699 2990 27th
714 2938 763 3002 Vt,
780 2956 807 3007 p.
823 2942 890 2990 sete
900 2937 972 3005 sqq.)
979 2943 992 3000 ,¹
1006 2937 1147 3006 quoniam,
1166 2953 1234 3005 quoe
1244 2934 1306 2989 Act

163 2992 255 3119 195116.
274 3008 315 3057 16.
343 3004 529 3121 cepitinentur,
555 3007 681 3121 teratrpoqis
699 3016 778 3088 notae
795 3007 835 3068 ei,
864 3023 943 3073 quem
958 3007 1018 3121 ipse
1032 3007 1138 3121 statup'lt,
1151 3014 1306 3124 gempopuqn

164 3071 220 3195 fii
238 3086 370 3208 titt?
387 3088 640 3208 -l‘ia‘iilgilirtf
657 3090 711 3206 li}
729 3088 1307 3209 titiant,'fistal‘tatttttt

163 3203 233 3274 μετὰ
251 3202 311 3271 τὴν
325 3204 370 3274 ripa
397 3221 461 3274 ρον
477 3224 503 3262 ι.
520 3223 566 3273 ru,
583 3207 628 3260 cll.
645 3206 740 3271 Acta,
752 3210 787 3272 l.)
804 3206 986 3269 scribendum,
1005 3205 1119 3256 alterum
1136 3221 1198 3256 vero
1216 3205 1305 3268 locum

164 3290 270 3341 prorsus
288 3272 466 3324 omittendum
482 3291 538 3326 ests
557 3277 694 3343 opinatur,
720 3273 915 3342 refragantibus
933 3271 1011 3325 codd.
1029 3271 1166 3336 omnibus,
1194 3290 1229 3323 ne
1246 3272 1305 3328 cod.
1367 3332 1372 3343 ,
1441 3266 1446 3273 “

164 3339 275 3410 quidem
291 3339 369 3407 (lent.
385 3353 508 3411 excepto,
526 3343 556 3392 in
575 3357 628 3410 quo
646 3341 781 3410 quiaAct.
798 3347 842 3412 bt),
862 3346 901 3392 16.
919 3339 1024 3391 verbis:
1051 3338 1125 3398 ὅπως
1140 3334 1179 3409 μὴ
1194 3340 1306 3406 γένητμι

164 3403 237 3473 αὗιῷ
254 3408 475 3478 χρονοτριβῆσαι,
494 3409 557 3471 alia,
575 3408 623 3461 sed
639 3426 708 3478 quae
725 3426 830 3475 sensum
847 3406 961 3459 eundem
977 3406 1111 3472 fundunt,
1137 3417 1165 3458 et
1182 3408 1212 3456 in
1228 3424 1306 3475 grae-

87 3528 91 3538 ,
166 3477 203 3526 cia
221 3477 293 3525 etin
310 3493 379 3529 verr.
394 3475 440 3530 lat.
463 3475 606 3538 substitute
627 3487 704 3541 runt,
732 3474 914 3526 Bertbcldtius
938 3477 1043 3544 spuriae
1067 3474 1143 3525 buius
1169 3476 1306 3526 commatis

165 3542 275 3610 originis
290 3544 430 3610 vestigium
449 3544 566 3611 quaeritr
590 3546 697 3594 tametsi
713 3543 834 3594 lectionis
851 3541 966 3609 vulgaris
983 3542 1067 3610 (quae
1082 3540 1173 3610 putat)
1189 3542 1258 3597 ritis*
1271 3541 1305 3594 ab

165 3619 271 3665 errante
289 3611 368 3660 etiem
385 3610 501 3675 auctoris
517 3611 600 3678 ipsius
616 3612 745 3662 memoria
763 3608 877 3660 derivari
902 3626 979 3678 posse
1003 3620 1101 3660 censet.
1136 3608 1177 3660 Ac
1194 3610 1252 3660 iure
1269 3610 1307 3659 ita

163 3677 249 3730 serbis
266 3675 301 3728 de
318 3676 385 3728 lonis
402 3679 521 3741 mutire,
533 3694 564 3729 eo
581 3676 693 3746 probare
710 3675 815 3740 studet,
826 3675 907 3746 ,quod
923 3675 1037 3739 Paulus,
1056 3693 1138 3744 quum
1155 3675 1243 3726 Mileti
1260 3688 1306 3727 ea*

167 3755 207 3796 sat
223 3747 283 3862 qm,
303 3749 335 3796 15
348 3745 420 3814 sqq.)
439 3761 546 3815 sperare
571 3762 627 3797 non
642 3747 776 3814 potuerit,
793 3748 865 3809 iore,
883 3750 913 3794 ut
933 3755 994 3814 post
1008 3742 1065 3795 dier
1084 3748 1116 3795 19
1132 3744 1186 3811 (tot
1204 3741 1307 3796 enims

164 3813 227 3863 Bert
246 3810 325 3869 cldtii
350 3814 549 3893 computatione
576 3812 627 3865 illo
644 3823 696 3864 tem
717 3829 763 3865 ore
788 3811 823 3861 ed
847 3821 1020 3882 pentecosten
1037 3829 1122 3880 usque
1140 3811 1307 3877 supererant)
1388 3841 1390 3845 ν
1430 3795 1434 3811 ’

163 3879 352 3950 Hierosolyma
376 3891 488 3935 veniret.
532 3879 613 3937 Quod
643 3831 754 3950 quislem
781 3890 963 3947 argumentum
992 3897 1071 3948 quam
1100 3880 1135 3945 eit
1162 3875 1305 3941 infirmum,
1379 3905 1382 3912 ·

163 3946 275 4016 posthac
300 3936 458 4002 ridebimus.
525 3949 554 4014 6)
576 3949 760 4001 Batonius
786 3949 861 4008 (ann.
880 3947 915 3997 ad
932 3965 957 3998 a.
974 3947 1087 3999 Neronis
1103 3952 1131 3998 2
1148 3942 1246 3997 Christi
1263 3951 1306 3998 66.

165 4018 191 4079 S.
205 4011 315 4083 CLIX.)
332 4014 382 4069 boc
398 4013 538 4068 biennium
554 4033 608 4068 non
626 4015 659 4067 ab
676 4017 759 4066 initio
771 4013 936 4066 vinculorum
955 4013 1047 4078 Pauli,
1068 4011 1116 4064 sed
1132 4011 1166 4062 ab
1185 4028 1217 4061 eo
1233 4021 1307 4062 tem·

164 4099 242 4151 pore,
259 4099 313 4152 quo
330 4082 413 4141 Felici
431 4099 447 4134 a
464 4083 569 4144 Nerone
587 4081 699 4136 Caesare
715 4080 898 4150 praefectura,
925 4099 1005 4149 φιιιιιι
1022 4077 1141 4132 Claudio
1157 4080 1306 4146 imperante

166 4161 315 4219 acceperat,
332 4146 487 4202 confirmata
501 4148 593 4212 fuerit,
610 4147 760 4203 ducendum
776 4158 862 4218 putat.
880 4147 981 4198 Similis
997 4158 1038 4198 est
1053 4143 1307 4213 Hereubsrgii

166 4219 294 4275 sententia
305 4217 353 4283 (in
370 4213 436 4270 bibl.
455 4217 605 4278 bremensi,
622 4215 699 4266 elesa.
714 4217 774 4267 tlt.
791 4234 818 4284 p.
835 4214 917 4280 soe),
935 4216 981 4283 qui
997 4213 1135 4264 biennium
1151 4211 1185 4262 ab
1204 4230 1236 4264 eo
1253 4232 1307 4263 nu-

166 4294 251 4338 merat
265 4292 351 4347 anno,
376 4300 431 4351 quo
446 4282 523 4334 Felix
540 4300 556 4333 a
574 4280 688 4336 claudia
704 4283 755 4335 toti
772 4281 1039 4351 Iudaeaeimoaitua
1057 4291 1105 4332 est.
1139 4278 1194 4331 Sed
1210 4281 1306 4345 Lucae,

167 4367 222 4419 que
237 4348 299 4417 loqo
314 4350 453 4402 biennium
468 4349 535 4401 illud
555 4352 772 4403 commemoravit
787 4349 865 4416 (Act.
884 4353 927 4411 24,
944 4349 1000 4414 tr.)
1009 4385 1018 4412 ‚
1036 4349 1157 4418 proxime
1174 4346 1207 4399 de
1224 4349 1307 4400 Paulo

166 4421 254 4537 titt
264 4416 934 4556 ⁰¹,itilart¹2²izill¹2¹¹ttttl3222²titt?
935 4417 1161 4536 ’1ζὲῬὸιῖἕὲ
1170 4414 1309 4534 'cliiii’

262 4523 270 4546 1
1299 4518 1308 4546 5

127 4584 131 4592 ·
168 4564 214 4603 aut
227 4568 247 4603 ‘a
264 4552 369 4606 Nerone
382 4551 565 4613 conlhbaame.
631 4550 1157 4682 ..6)Ἶοοψ11οιῦςνιιοιείος1ὑυέιιι
1173 4547 1200 4603 b.
1219 4549 1307 4604 1.ιο-
