2978 5168
129 269 193 333 tat
387 262 473 328 GAP.
494 261 544 327 tv.
580 260 636 324 99
656 258 922 323 TEMPORIBUS
941 256 1090 323 annunt

213 435 331 499 Deinde
357 434 385 496 sl
412 433 579 514 quaeritur,
614 431 762 511 quodnam
789 448 828 491 ex
853 431 1009 492 idnesibus
1029 428 1114 491 Pauli
1134 429 1352 513 Hierosolymi-

129 524 224 596 tanis,
256 539 380 601 qnorum
407 521 438 579 in
459 518 543 579 Actis
570 517 682 577 mentio
709 516 855 589 iniicitur,
882 516 969 591 baio,
1002 515 1041 576 de
1067 535 1127 595 quo
1157 514 1224 577 nst.
1248 516 1353 591 1,18.

129 609 221 669 verba
241 607 332 680 liunt,
353 602 541 683 respondeat,
563 601 682 681 plurimi
702 601 742 660 de
762 600 949 680 proiectione
970 601 1036 661 Act.
1058 601 1089 675 9,
1111 599 1163 659 att.
1184 600 1282 661 relata
1302 620 1354 662 co-

129 691 281 774 gitandum
302 707 381 761 esse,
403 694 488 747 recte
508 686 654 757 indicant,
682 704 749 744 nam
772 690 897 764 utroque
918 686 985 745 loco
1005 691 1038 746 et
1058 686 1187 765 primum
1208 685 1354 747 deacribi-

129 785 180 839 tur
206 794 309 836 eorum
336 774 486 845 itinerum,
515 789 591 849 quse
618 768 662 843 P,
691 775 844 849 postquam
875 788 949 829 nova
984 769 1136 848 amplexus
1172 776 1221 830 est
1258 790 1354 845 sacra,

130 859 338 938 Hierosolyma
358 856 501 936 suscepit,
523 862 554 915 et
577 854 705 927 unicum,
727 854 804 932 quod
819 853 965 914 Damasco
991 855 1067 915 banc
1092 856 1122 913 in
1142 855 1248 914 urbem
1270 854 1353 915 fecit

129 947 269 1007 Attamen
297 949 383 1017 arrnt,
411 943 461 1021 qui
489 940 673 1000 dissentiant.
728 938 774 998 Αο
795 937 1012 999 lloeblerus
1026 936 1052 1021 l)
1074 938 1194 1016 quidem
1215 940 1354 1019 peregri-

129 1031 278 1091 nationem
299 1028 367 1088 Act.
388 1028 419 1100 9,
440 1024 489 1085 96.
518 1023 641 1084 relatam
669 1026 769 1103 priua,
796 1042 883 1101 quam
905 1043 981 1103 quae
1002 1023 1067 1083 Gal.
1091 1024 1120 1096 l,
1143 1022 1194 1083 18.
1223 1042 1355 1085 οοιοιοο-

129 1122 273 1187 moratur,
294 1117 464 1189 susceptam
486 1128 555 1170 esse
577 1108 745 1167 arbitratur.
768 1107 863 1183 Quem
884 1109 1062 1167 sententiam
1082 1107 1131 1167 luis
1152 1109 1231 1167 tueri
1254 1108 1355 1171 studet

130 1197 320 1277 argumentis.
363 1195 494 1256 Primum
515 1194 646 1252 omnium
667 1199 821 1270 postquam
843 1194 931 1251 aeriis
954 1192 1027 1252 locis
1048 1192 1145 1251 allatis
1160 1188 1243 1273 (Act.
1261 1190 1351 1265 919

131 1282 248 1358 18,18.
270 1282 302 1354 9,
315 1280 368 1340 43.
390 1278 440 1353 15,
454 1280 484 1338 3.
507 1276 553 1337 cll.
570 1277 599 1350 1,
613 1276 642 1335 b.
667 1276 781 1349 1618.
799 1276 859 1355 [cll.
867 1276 938 1379 19.)
948 1277 999 1350 91,
1016 1278 1066 1336 19.
1087 1276 1197 1351 9614.
1220 1276 1275 1351 13,
1289 1273 1352 1359 31.)

129 1368 189 1428 ltoc
210 1366 281 1445 egit,
303 1371 337 1424 ut
357 1364 491 1435 doceret,
512 1362 623 1421 Lucam
645 1362 766 1421 vocibus
781 1353 906 1445 ἡμέραι
928 1357 1040 1425 cancul
1053 1368 1084 1422 et
1096 1354 1217 1446 χρόνος
1239 1355 1353 1437 ἱκανὸς

131 1470 290 1531 paucarum
317 1447 538 1509 hebdomadum
565 1445 749 1505 intervallum
778 1448 951 1525 designare,
984 1440 1099 1521 ἱκανὰς
1126 1438 1352 1531 11166ἡμέρας,

133 1555 207 1615 quas
228 1536 307 1595 idem
329 1532 493 1612 apostolum
508 1530 656 1603 Damasci,
677 1537 834 1608 antequam
856 1533 982 1609 primum
997 1531 1205 1608 Hierosolyma
1225 1550 1264 1591 se
1286 1550 1351 1593 eon-

131 1620 238 1693 ferret,
260 1620 399 1697 exegisse
420 1616 491 1675 dicit
513 1612 595 1697 (Act.
615 1615 648 1690 9,
669 1611 755 1695 93),
786 1614 825 1673 16
852 1617 948 1694 spatio
974 1618 1060 1675 unius
1088 1616 1155 1675 iere
1174 1617 1291 1677 mensis
1311 1617 1351 1676 in-

130 1705 308 1783 telligendas
330 1722 398 1762 esse
419 1702 595 1779 suspicatur.
653 1699 713 1759 Sed
735 1707 941 1778 praeterquam
964 1701 1041 1778 qnod
1063 1699 1176 1773 Lucas,
1205 1702 1266 1760 nisi
1287 1700 1351 1761 Act.

130 1788 245 1863 8,11.,
265 1794 296 1849 at
316 1787 347 1846 in
370 1805 472 1864 evang.
506 1792 605 1859 certe,
636 1802 700 1862 cap.
722 1785 773 1857 93,
801 1803 828 1843 a.
850 1786 891 1859 8.,
921 1777 1036 1846 ἱκανοῦ
1065 1784 1207 1844 vocabulo
1234 1792 1350 1864 tempas

130 1879 177 1935 sat
196 1873 316 1953 longum
338 1872 464 1931 indicat:
485 1871 517 1929 in
537 1871 602 1950 ipsa
622 1869 711 1927 buius
732 1870 816 1929 verbi
836 1876 940 1929 natura
961 1870 1089 1949 positum
1111 1874 1168 1941 est,
1189 1873 1223 1927 ut
1237 1872 1351 1949 copiam

129 1977 192 2019 non
213 1959 365 2017 minimam
386 1956 526 2026 denotet,
555 1973 631 2031 quae
656 1958 756 2013 tamen
783 1972 955 2033 permagna
983 1973 1050 2013 esse
1067 1954 1174 2033 possit.
1238 1952 1351 2015 Verum

129 2044 249 2103 maioris
277 2041 372 2099 videri
399 2047 488 2117 queat
515 2037 674 2107 momenti,
704 2038 783 2115 qnod
803 2038 883 2097 idem
905 2038 1005 2112 addit,
1034 2039 1103 2098 lieri
1123 2057 1184 2097 non
1204 2039 1350 2117 potuisse,

131 2134 183 2197 ut,
212 2126 370 2205 qnoniam,
399 2141 458 2201 quo
484 2128 621 2200 tempore
648 2120 681 2179 P.
712 2123 838 2199 primurn
859 2122 1006 2183 Damasco
1036 2125 1066 2182 in
1093 2125 1199 2183 urbem
1220 2130 1352 2184 sancum

130 2211 282 2283 rediisset,
304 2207 431 2288 apostoli
452 2207 582 2266 rrorrdum
604 2206 804 2285 cognoverint,
819 2226 886 2266 eum
901 2214 934 2267 et
946 2209 1102 2269 transiisse
1115 2207 1152 2267 ad
1168 2207 1352 2269 Christiano·

130 2315 196 2356 rum
218 2301 335 2355 coetum
358 2298 389 2352 et
409 2292 546 2351 Damasci
567 2309 671 2350 novam
694 2291 904 2351 disseminasse
925 2292 1086 2352 doctrinam
1115 2292 1198 2369 (Act.
1222 2294 1255 2367 9,
1278 2292 1368 2373 nn),
1393 2281 1399 2313 ²

132 2381 212 2440 inter
233 2379 457 2439 conversionem
477 2384 508 2436 et
529 2377 656 2456 primum
677 2375 751 2434 illud
771 2377 830 2436 iter
850 2377 967 2437 Hieros.
990 2376 1108 2455 lougius
1129 2396 1217 2455 quam
1237 2378 1352 2440 bebdo-

131 2463 249 2524 madum
269 2482 428 2543 paucarum
451 2463 579 2540 spatium
600 2462 815 2521 intercesserit.
873 2460 1067 2539 Synedrium,
1089 2461 1131 2521 ita
1152 2461 1187 2519 ll.
1211 2461 1351 2542 disputat,

130 2548 224 2609 Paulo
252 2549 330 2608 banc
357 2547 482 2607 dederat
507 2551 703 2626 potestatem,
741 2551 773 2606 nt
802 2545 987 2605 Christianos
1008 2545 1207 2605 Damascenos
1236 2548 1351 2609 vinctos

131 2634 343 2713 Hierosolyma
365 2632 498 2692 duceret.
540 2630 600 2691 lam
622 2630 649 2689 si
669 2650 767 2709 neque
787 2631 999 2705 adveniebant,
1022 2632 1073 2709 qui
1095 2630 1352 2709 exspectabantur,

101 2740 107 2749 ·
131 2720 248 2798 captivi,
270 2726 302 2779 et
314 2717 346 2776 P.
361 2719 429 2797 ipse
450 2716 571 2776 nimium
594 2722 735 2794 quantum
757 2716 936 2790 morabatur,
957 2715 1128 2793 synedrium
1150 2715 1230 2774 baud
1253 2716 1352 2791 dubie,

132 2823 209 2884 quae
230 2804 293 2865 elus
315 2804 361 2862 rei
381 2821 471 2862 causa
493 2807 591 2873 eset,
614 2800 806 2879 perquisivit3
828 2820 885 2879 qua
906 2799 1025 2877 quidem
1047 2800 1162 2860 ratione
1181 2799 1295 2861 lamam
1316 2801 1353 2861 de

131 2889 238 2967 insigni
264 2888 315 2947 illa
343 2889 451 2947 mentis
480 2886 512 2945 P.
539 2886 702 2945 mutatione
729 2904 797 2945 mon
828 2885 865 2944 ad
894 2884 1228 2963 Hierosolymitanorum
1266 2902 1352 2947 aurea

131 2974 262 3053 perferri
290 2991 414 3032 necesse
441 2977 514 3031 erat.
562 2968 775 3031 Verumtamen
803 2988 892 3047 quum
921 2969 1079 3048 plurimum
1107 2970 1273 3032 interesset
1294 2990 1354 3036 ma·

132 3059 274 3138 gistratus
288 3056 412 3132 Iudaici,
433 3062 468 3117 ut
487 3058 545 3116 ista
565 3073 653 3133 quam
674 3055 841 3116 diutissime
860 3054 998 3128 laterent,
1020 3074 1119 3115 nonne
1138 3054 1252 3117 recum
1275 3056 1352 3118 amai

199 3358 249 3408 ρας
264 3335 341 3400 τινάς
357 3340 431 3405 (Act.
444 3344 471 3405 9,
484 3341 549 3407 19),
564 3340 677 3408 priorem
693 3340 809 3410 apostoli
827 3340 898 3391 inter
909 3340 1088 3392 Damascenos
1105 3340 1351 3405 commorationem,

198 3410 232 3460 iis
249 3427 323 3471 reso,
341 3427 409 3478 quae
426 3428 453 3459 r.
473 3414 514 3462 93.
533 3419 699 3478 sequuntur:
719 3404 755 3466 ὡς
766 3436 799 3446 -
811 3405 979 3479 ἐπληροῦντο
997 3406 1097 3477 ἡμέραι
1113 3408 1213 3474 ἱκαναί,
1232 3408 1350 3473 annam,

95 3496 98 3501 ·
199 3494 270 3546 quae
293 3476 374 3527 fuerit
397 3489 457 3547 post
472 3477 549 3527 Pauli
571 3475 691 3526 reditum
715 3494 749 3526 ex
766 3475 883 3539 Arabia,
907 3478 982 3527 innui
1006 3487 1110 3545 putant.
1151 3474 1205 3525 Sed
1222 3493 1265 3539 ea,
1285 3494 1351 3547 qnae

83 3547 86 3554 '
199 3564 225 3595 v.
245 3549 277 3595 19
304 3544 454 3607 traduntur,
472 3543 506 3594 da
524 3562 556 3596 6ο
575 3543 630 3595 1161
646 3556 766 3613 tempore
783 3556 902 3624 apparet,
922 3542 996 3613 quod
1013 3546 1200 3612 interpositum
1213 3547 1352 3595 eratiirtca

198 3612 275 3661 Pauli
287 3611 450 3693 baptismum
461 3624 488 3664 et
498 3614 615 3682 primum
625 3611 740 3663 docendi
749 3614 856 3661 initrum
865 3610 1076 3679 (cl.rv.ltl.19.),
1089 3628 1158 3681 quae
1169 3616 1243 3663 r.23.
1256 3612 1350 3681 legun-

199 3690 253 3739 tur,
274 3678 307 3730 da
320 3680 463 3731 rntarrallo
476 3698 518 3744 ao,
540 3680 613 3750 quod
632 3680 729 3731 abbinc
747 3679 782 3729 ad
796 3698 853 3730 eam
866 3698 949 3748 usque
961 3689 1078 3730 aetatem
1095 3689 1216 3730 secutum
1229 3690 1281 3747 eat,
1299 3696 1350 3749 quo

199 3745 291 3796 Iudaei
303 3747 413 3798 insidias
426 3748 549 3818 apostolo
561 3759 717 3799 struxerunt
729 3747 777 3815 (cf.
790 3768 830 3799 rr.
842 3750 949 3813 90-99).
993 3747 1016 3813 l)
1025 3744 1179 3814 Ablasagsat
1191 3758 1240 3798 eto.
1253 3766 1282 3816 p.
1296 3751 1351 3801 1-6.

199 3814 246 3866 611.
258 3812 287 3865 l.:
306 3814 406 3867 Annal.
414 3813 440 3867 d.
453 3833 508 3882 gea.
516 3814 612 3867 Thaol.
622 3822 697 3879 1839,
705 3822 731 3880 9,
743 3820 770 3879 3,
788 3834 815 3884 p.
823 3819 918 3884 nstsq.
937 3814 1062 3867 Ceterum
1074 3815 1127 3864 iarn
1139 3812 1353 3883 chrysosto-

199 3899 267 3932 mus
288 3882 329 3945 (in
346 3887 407 3935 Act.
427 3881 604 3948 bomil.2l.),
624 3882 860 3934 oecumenius
879 3893 905 3931 et
923 3882 1214 3952 Theopbylactua
1230 3882 1353 3948 (adAct.

199 3956 226 4014 9,
238 3950 297 4015 96.)
315 3947 483 4010 dubitarunt,
502 3960 601 4012 utrum,
620 3968 688 4018 quae
700 3950 761 4003 Act.
780 3951 798 4002 l.
815 3949 835 4003 l.
852 3948 977 4013 traditur,
1000 3949 1131 4019 profectio
1150 3948 1242 4000 eadem
1259 3949 1353 4015 suerit,

200 4036 233 4069 ac
251 4034 320 4086 quae
339 4016 399 4067 Gal.
418 4021 442 4077 l,
461 4022 502 4068 18.
522 4029 751 4083 commemoratur,
769 4035 802 4066 an
821 4035 893 4079 vero,
912 4022 972 4085 quia
990 4020 1109 4067 narratio
1126 4016 1187 4069 Act.
1206 4021 1353 4077 9,1-96.

224 4085 343 4153 reposita
360 4085 406 4134 rix
423 4084 578 4154 permittere
596 4082 752 4146 ridebatur,
772 4096 800 4134 ut
817 4088 1017 4136 conversionem
1034 4088 1106 4136 inter
1122 4096 1149 4136 et
1166 4085 1284 4154 primum
1303 4090 1355 4137 iter

200 4105 305 4205 Hieros.
323 4152 471 4203 triennium
487 4153 665 4203 intercessisse
683 4151 845 4223 crederetur,
863 4154 936 4221 prius
953 4156 987 4203 sit
1003 4164 1137 4221 suscepta,
1155 4155 1191 4203 ita
1207 4164 1239 4202 ut
1256 4153 1355 4205 Paulus

202 4222 262 4273 Gal.
282 4227 306 4283 1,
325 4226 366 4273 16.
388 4226 429 4273 lt.
448 4238 504 4271 non
521 4222 573 4271 boc
590 4238 699 4287 negasse
717 4219 846 4271 dicendus
864 4233 940 4285 esset,
959 4239 986 4273 ae
1005 4222 1079 4272 brevi
1098 4231 1160 4290 post
1177 4219 1253 4271 illam
1270 4222 1355 4271 animi

200 4290 375 4340 mutationem
393 4288 572 4358 Hierosolyma
594 4292 730 4356 migrasse,
765 4287 826 4351 sed,
854 4306 882 4339 se
905 4290 963 4340 ideo
987 4290 1054 4339 banc
1082 4291 1111 4338 in
1137 4287 1233 4339 urbem
1258 4300 1354 4341 tetan-

202 4355 290 4419 disse,
318 4369 347 4406 ut
370 4355 503 4423 apostolos
520 4359 677 4406 conveniret.
732 4357 870 4407 Praeterea
887 4354 981 4426 Chrys.
1006 4369 1032 4408 et
1055 4354 1119 4409 Oec.
1145 4356 1226 4405 aliam
1244 4374 1354 4425 quoque

201 4422 371 4473 difficultatis
402 4423 545 4475 solvendae
574 4427 707 4474 rationem
740 4425 851 4474 ineunt:
892 4434 923 4473 ut
955 4426 983 4474 P.
1008 4426 1126 4495 primum
1154 4424 1278 4474 Hieroso!
1303 4442 1355 4489 ma,

200 4489 265 4543 inde
293 4492 470 4557 Damascum,
512 4502 606 4561 postea
639 4490 768 4541 Arabiam
805 4494 860 4556 (ita
882 4490 962 4553 Oec.;
995 4492 1024 4541 in
1057 4491 1244 4560 chrysostomi
1278 4444 1355 4541 llbris

201 4569 250 4609 aut
274 4560 390 4608 auctoris
414 4560 497 4627 ipsius
526 4569 573 4609 aut
604 4559 776 4611 librariorum
800 4561 866 4610 vitio
891 4559 986 4629 Syriae
1007 4575 1106 4611 nomen
1128 4559 1263 4628 legitur),
1292 4560 1355 4609 binc

202 4626 292 4678 denuo
310 4627 486 4685 Damascum,
513 4624 630 4696 denique
652 4623 810 4678 Caesaream
827 4627 903 4693 (Act.
920 4633 946 4693 9,
962 4626 1018 4690 36.)
1045 4629 1153 4696 petiisse
1177 4628 1356 4692 existimetur,

203 4712 284 4763 quam
305 4690 415 4763 quidam
445 4694 599 4763 opinionem
627 4704 655 4747 at
675 4694 761 4747 Paulo
789 4704 817 4749 et
839 4694 930 4749 Lacte
958 4696 1119 4749 contrariam
1148 4712 1205 4747 eaae
1234 4704 1357 4766 apparet.
