2956 5168
172 146 282 241 quon
302 144 391 211 scr.
415 144 525 207 oser.
547 141 789 219 xv-xxum.
813 109 1170 221 murmurarunt.
1235 137 1278 200 aa

66 316 194 401 leros)
218 325 249 379 et
270 312 723 398 Schnechenburgeroo)
744 314 873 394 placuit,
893 315 1007 379 nonnisi
1029 313 1140 393 deillo
1161 312 1276 374 locutus

67 409 148 468 esset
155 403 261 483 spatio,
277 395 365 481 quod,
377 400 471 461 donec
478 399 512 461 P.
523 419 622 461 coram
634 399 771 459 Gallione
785 406 975 460 accusaretur
990 394 1276 480 (Act.18,l2sqq.),

67 490 235 560 effluxerat,
257 505 315 566 quo
337 486 539 565 praeterlapso
561 503 629 544 eum
642 476 692 547 i'n
707 475 834 569 ἡμέρας
855 474 970 559 ἱκανὰς
984 482 1118 544 Corinthi
1131 490 1276 543 moratum

66 593 135 634 esse
147 578 247 632 narrat
260 566 407 653 (18,18)1
428 570 541 630 incerta
560 568 737 629 redderetur
758 569 952 647 tempestatis,
973 587 1030 647 qua
1041 566 1075 630 P.
1091 570 1122 628 io
1136 568 1277 628 Achaiam

64 659 198 731 venerit,
220 656 363 716 definitio.
407 652 615 716 Verumtamen
637 653 777 713 orationis
799 671 903 726 nexus,
924 658 967 726 ut,
989 671 1065 731 quae
1086 652 1138 725 18,
1160 653 1211 713 11.
1232 652 1277 712 le·

65 748 191 821 guntur,
211 741 253 800 de
274 746 354 813 toto,
375 740 454 818 quod
473 737 508 798 Ρ.
530 736 667 798 Corinthi
688 737 805 816 exegit,
826 737 980 797 intervallo
1000 738 1187 820 accipiamus,
1199 758 1277 798 sua·
1397 790 1399 794 ,

66 828 126 887 det
154 824 231 886 Nam
248 823 362 899 Lucas,
391 830 547 903 postquam
565 822 754 894 memoravit,
778 820 929 881 Christum
947 819 1038 881 Paulo
1057 840 1113 900 per
1132 823 1276 882 somnium

65 911 228 983 indicasse,
253 909 401 969 neminem
423 907 559 971 Corinthi
583 907 718 967 iniuriam
746 907 775 967 ei
801 905 950 966 illaturum
975 924 1061 979 esse,
1090 905 1277 985 eundemque

48 995 104 1060 ,ad
125 992 308 1073 evangelium
329 993 407 1053 bono
434 994 532 1052 auim0
561 992 612 1051 illa
637 992 669 1051 iu
696 991 771 1050 urbe
798 990 1018 1069 propagandum
1048 992 1206 1064 excitasse,
1234 993 1295 1051 ita‘

64 1079 179 1158 pergit,
202 1084 236 1137 ut
255 1083 412 1157 appareat,
432 1077 592 1137 ostendere
615 1095 682 1136 eum
702 1075 790 1149 velle,
812 1074 929 1153 qualem
950 1074 1108 1134 habuerint
1129 1083 1276 1150 eventum,

65 1183 142 1243 quac
167 1162 301 1223 dominns
329 1162 445 1223 locutus
474 1168 565 1222 esset.
608 1160 710 1239 ltaque
733 1159 867 1239 partim,
895 1159 1061 1237 apostolum
1086 1179 1142 1239 per
1168 1178 1276 1220 annam

64 1268 132 1308 cum
154 1247 275 1315 dimidio
298 1246 468 1307 Corinthios
495 1247 665 1319 docuisse,
676 1245 809 1325 purtim,
839 1243 934 1309 fuisse
963 1244 1099 1322 quidem,
1132 1244 1182 1322 qai
1208 1263 1301 1304 eum,

64 1332 186 1392 laedere
206 1338 399 1404 conarentur,
419 1330 474 1390 sed
490 1331 552 1390 suis
567 1330 634 1389 illos
649 1330 728 1388 ausis
742 1328 899 1402 excidisse,
920 1333 1056 1388 testatur.
1083 1327 1172 1403 Quae
1186 1348 1276 1408 quum

64 1419 107 1477 ita
127 1417 204 1489 siut,
232 1434 288 1496 per
313 1413 503 1497 unnm0illud
523 1415 591 1473 anni
611 1419 643 1472 et
663 1431 716 1473 sex
736 1412 880 1472 mensium
900 1412 1088 1495 intervallum
1109 1432 1166 1475 non
1188 1413 1276 1474 modo

63 1500 187 1560 Paulum
200 1499 370 1560 Corinthios
385 1498 559 1572 instituisse,
579 1497 633 1557 sed
647 1504 678 1558 et
691 1497 821 1570 iusidias,
842 1495 1001 1575 dequibus
1015 1497 1081 1557 Act.
1097 1497 1275 1577 18161111.

64 1585 154 1647 rerba
174 1585 265 1658 liunt,
285 1582 397 1663 frustra
418 1583 448 1643 ci
467 1587 594 1648 structas
616 1600 700 1654 esse,
720 1581 803 1655 iure,
825 1581 931 1655 credo,
953 1581 1162 1641 concludimus.
1175 1580 1220 1628 ὲ-
1232 1616 1276 1628 -

157 1667 205 1727 Ex
226 1668 281 1741 iis,
303 1686 379 1745 quae
399 1667 555 1746 hucusque
575 1665 805 1745 disputavimus,
827 1666 954 1743 spatium
976 1684 1079 1739 omne,
1101 1666 1180 1745 quod
1199 1667 1276 1726 Pau-
1314 1662 1315 1666 ’

64 1752 130 1825 lus,
160 1771 197 1811 ex
219 1770 278 1830 quo
300 1750 474 1812 Corinthum
501 1758 637 1823 venerat,
667 1750 762 1811 donec
787 1749 932 1830 Philippis
958 1750 1164 1828 Hierosolyma
1183 1752 1276 1830 proli-

66 1837 242 1910 cisceretur,
265 1842 297 1896 et
316 1835 471 1909 itineribus
487 1835 582 1896 ethic
597 1835 657 1895 illic
672 1833 879 1895 commorando
901 1830 1016 1916 exegit,¹
1038 1836 1276 1916 quinquennium

64 1941 135 1980 oum
155 1939 211 1980 sen
233 1918 383 1980 merrn’due
404 1921 588 2002 complexum
609 1939 694 1993 esse,
715 1925 847 1998 apparet.
1098 1941 1117 1997 j
1208 1996 1210 2003 .

148 2005 348 2065 incertissima
369 2012 467 2083 autem
488 2011 536 2065 est
556 2005 620 2064 eius
637 2003 800 2077 intervalli,
821 2002 860 2063 de
873 2003 1058 2081 quocuhct.
1072 1999 1276 2066 xv-ssxwi.

65 2091 233 2169 exponitur,
250 2087 425 2168 descripti03
446 2108 514 2148 nam
528 2095 746 2168 praeterquam,
768 2088 846 2167 quod
861 2085 956 2147 Lucas
971 2088 1092 2168 siugulis
1104 2090 1194 2150 rebus
1208 2107 1276 2150 nar.-

66 2175 138 2234 ratis
160 2178 210 2232 aut
231 2168 326 2232 nullas
347 2192 486 2253 prorsus,
514 2178 564 2232 aut
592 2173 688 2233 miuus
717 2171 854 2232 delinitas
882 2171 995 2254 addidit
1021 2170 1164 2254 temporis
1190 2179 1275 2235 notas

65 2261 116 2336 (ut
138 2257 193 2332 15,
215 2256 266 2318 66.
287 2256 336 2318 16.
358 2256 415 2331 16,
439 2258 490 2319 16.
513 2257 561 2316 18.
592 2257 649 2332 lt,
671 2253 755 2337 11),
784 2257 842 2317 loci
862 2256 906 2315 illi
932 2258 1091 2334 rarissimi,
1117 2259 1275 2338 inquibus
1347 2272 1349 2280 ’

64 2352 182 2420 tempus
203 2343 368 2402 accuratius
389 2343 594 2416 constituitur,
622 2360 726 2421 parum
753 2341 881 2402 afferunt
906 2340 1058 2418 utilitatis,
1087 2343 1195 2402 etenim
1217 2344 1276 2402 iter

66 2426 185 2486 Troade
206 2424 352 2506 Neapolin
372 2427 557 2500 institutum,
579 2426 656 2505 quod
677 2426 767 2486 biduo
788 2425 957 2506 perfectum
978 2445 1055 2503 esse,
1076 2427 1275 2502 1111611.

65 2510 205 2590 legimus,
236 2510 338 2590 paucis
367 2511 472 2589 diebus
495 2509 607 2571 absolvi
627 2511 778 2590 potuisse,
806 2510 924 2570 aliunde
945 2509 1077 2586 constht3
1100 2512 1182 2572 locus
1204 2530 1276 2572 vero

65 2595 132 2655 Act.
154 2595 212 2668 11,
234 2593 284 2669 2.,
304 2595 355 2655 ubi
375 2594 408 2655 1³:
430 2593 664 2666 Thessalonicae
685 2614 740 2674 per
760 2594 881 2655 sabbata
903 2595 959 2656 tria
980 2596 1163 2676 evangelium
1184 2596 1276 2656 tradi-

66 2678 147 2740 disse
168 2679 292 2755 dioitur,
320 2681 419 2754 variis,
442 2687 473 2740 ut
494 2680 572 2740 infra
592 2678 774 2751 videbimus,
803 2679 899 2739 dubiis
921 2679 1064 2740 obnoxius
1086 2687 1142 2740 est.
1184 2680 1276 2759 Atqui

64 2760 137 2824 illud
166 2771 265 2824 tamen
294 2771 376 2826 certo
404 2764 548 2825 affirmari
576 2783 667 2842 posse
694 2763 859 2838 credimus,
883 2765 946 2823 iter
974 2765 1144 2839 eiusmodi„
1163 2766 1194 2825 in
1215 2783 1275 2844 quo

64 2847 172 2908 Paulus
192 2850 321 2927 primum
343 2869 380 2910 ex
401 2848 671 2908 urheAntiochena
687 2848 894 2926 Hierosolyma
915 2844 1059 2928 migravit,
1081 2849 1197 2925 deinde,
1213 2849 1275 2912 An·

64 2931 205 3013 tioohiam
227 2944 374 3007 reversus,
397 2934 439 2993 ibi
459 2951 518 2993 non
540 2933 688 2993 minimum
710 2935 852 3011 temporis
874 2934 1010 2994 contrivit
1032 2926 1183 3018 (χρόνον,
1206 2934 1274 2996 Act.
1309 2971 1314 2980 ·

64 3016 123 3091 15,
143 3013 227 3100 68.);
253 3017 284 3078 ln
310 3036 369 3096 qao
394 3017 589 3079 ecclesiaram
616 3016 737 3098 Syriae,
766 3016 904 3094 Ciliciae,
937 3015 1103 3097 Lycaoniae
1131 3020 1222 3079 fidem
1239 3026 1275 3094 >et

62 3102 204 3161 virtutem
226 3102 425 3175 confirmavit,
455 3101 574 3162 Galatas
602 3109 632 3164 et
653 3101 788 3183 Phryges
810 3102 945 3163 doctrina
973 3103 1094 3164 salutari
1121 3099 1273 3186 imbuitr),

64 3183 215 3246 Troadem
250 3187 337 3262 obiit,
384 3207 419 3248 ac
453 3186 658 3249 Macedoniam
695 3186 909 3267 Graeciamque
945 3187 988 3248 ila
1022 3189 1206 3268 peragravit,
1240 3197 1300 3249 ut·

64 3269 209 3350 Philippis
238 3270 303 3330 dies
331 3272 453 3347 multos,
487 3271 733 3347 Thessalonicae,
761 3271 912 3348 Beroeae,
941 3272 1067 3333 Athenis
1095 3272 1294 3352 aliquamdiu·

64 3363 312 3416 commoraretur:
333 3356 516 3430 huiusmodi,
537 3357 666 3437 iuquam,
686 3359 744 3418 lter
764 3354 878 3418 certum
900 3363 956 3432 est,
976 3357 1045 3417 anni
1065 3356 1184 3418 demum
1204 3375 1281 3438 spe,

64 3440 107 3498 tio
128 3439 297 3500 coniectum
318 3459 401 3514 esse;
429 3442 476 3500 cui
497 3448 595 3502 tamen
616 3460 710 3522 aeque
730 3441 850 3522 longios¹
868 3441 957 3502 ctiam
976 3441 1164 3503 intervallum
1184 3442 1275 3503 tribui
1319 3470 1324 3489 a

62 3541 164 3604 posse,
184 3542 242 3583 non
263 3531 309 3584 est
330 3525 409 3604 quod
429 3543 521 3605 neges
529 3522 568 3609 ⁸).
802 3572 803 3577 .

147 3608 194 3668 Ex
205 3608 252 3673 his
266 3616 362 3669 autem
373 3609 507 3670 omnibus
520 3609 677 3690 colligitur,
698 3629 747 3683 eo,
769 3629 847 3690 quoe
861 3611 934 3672 Acts
947 3630 989 3672 ca.
998 3607 1034 3669 X
1035 3607 1067 3669 V
1068 3644 1106 3655 -
1116 3607 1274 3672 XXVIII.

62 3700 253 3766 narrantur,
281 3690 505 3755 decennium
527 3693 780 3776 comprehendere
801 3693 952 3755 additis
972 3694 1166 3756 mensibus
1179 3696 1273 3775 sere

70 3775 129 3852 VI,
157 3785 195 3838 et
222 3780 352 3859 spatio
380 3777 539 3859 quodam
565 3780 735 3856 incerto,
765 3778 845 3861 quod
864 3787 968 3842 tumen
988 3798 1064 3841 non
1084 3783 1212 3843 minus
1233 3781 1284 3864 sit¹

55 3863 159 3940 ,anni
176 3865 294 3923 unius
314 3864 487 3925 interuallo.
507 3930 510 3935 ,

66 4013 264 4026 -ι

130 4092 149 4147 l.
165 4113 192 4164 p.
210 4099 252 4148 rt.
321 4096 350 4164 q)
367 4097 397 4145 In
414 4095 500 4149 libro:
526 4097 649 4166 Beitrligo
672 4118 720 4150 zur
735 4100 891 4168 Einleitung
913 4102 963 4152 in’s
980 4103 1013 4155 N.
1032 4103 1067 4152 T.
1084 4100 1140 4151 und
1158 4104 1272 4153 1111111-

131 4160 261 4230 hlaerung
277 4167 363 4214 seiner
379 4163 552 4232 scharierigen
569 4164 679 4229 Stellen,
698 4165 771 4216 Stutt
791 4205 797 4218 .
816 4172 891 4232 1836,
910 4173 935 4220 8.
973 4207 980 4222 .
1000 4174 1058 4222 168.
1109 4168 1272 4235 1)(31611.

132 4233 173 4292 16,
190 4234 215 4280 6.
249 4229 309 4301 Quo
326 4232 385 4283 loco
403 4235 451 4282 etsi
468 4251 523 4284 non
540 4231 640 4284 diserte
655 4231 753 4284 Pa'ulus
771 4186 877 4286 Calates
894 4247 920 4287 et
936 4189 1212 4305 Phryges'institnisse
1230 4239 1272 4290 (11-

131 4299 215 4360 citur,
240 4310 433 4364 secretam,
460 4301 500 4350 uti
516 4298 586 4350 iufra
604 4299 845 4369 demonstrabitur,
872 4321 917 4356 eos
933 4315 992 4355 tum
1008 4307 1135 4376 temporis
1151 4306 1271 4360 docuisse

131 4367 305 4418 existimatur.
372 4369 396 4432 a)
422 4367 531 4417 Annum
556 4367 600 4419 vel
624 4367 764 4435 biennium
789 4370 898 4440 plurimi
921 4371 984 4424 huic
1008 4374 1099 4425 itineri
1122 4379 1271 4444 resignante

130 4431 341 4484 Schradsrus
364 4432 433 4501 (1.1.
452 4454 477 4505 p.
495 4437 549 4507 72.)
575 4435 714 4487 biennium
737 4455 797 4488 cum
820 4454 867 4490 sex
890 4439 1040 4503 mensibus3
1065 4442 1269 4494 Penrsonius

132 4499 165 4564 (l.
182 4499 200 4554 l.
217 4522 243 4570 p.
262 4502 379 4568 11-11.)
399 4501 531 4571 integrum
547 4502 604 4555 fars
619 4504 783 4570 trienninm,
800 4506 967 4574 Vogelius
985 4506 1052 4577 (1.1.
1069 4529 1096 4581 p.
1112 4506 1185 4578 661.)
1203 4527 1270 4579 qua·

79 4589 83 4596 ·
130 4567 291 4634 driennium,
310 4568 422 4636 additis,
440 4573 462 4623 ai
481 4571 660 4641 sulpiacum,
678 4590 725 4625 sex
742 4571 885 4629 mensibus.
