2956 5168
160 191 178 231 ·=
196 156 610 263 ,enneadecaterida
624 138 1271 253 -rv÷rrru1...ooorumronu.
1304 184 1369 249 no
1400 227 1404 236 .

148 354 228 435 quod
248 359 357 415 'utram
380 354 512 414 diserte·
528 371 568 415 aa
603 354 693 414 tacite
719 353 883 414 mscisnrm
911 370 982 413 esse
1011 351 1160 429 dicamus,
1187 353 1268 413 dubii
1295 354 1369 417 hae·
1448 348 1455 363 '

146 435 458 520 ammata-wi..
523 504 528 513 Ι
663 466 666 471 ,
812 460 834 489 κ
903 480 909 493 ,
990 470 994 475 -
1356 484 1359 489 .

148 552 171 587 ·’“··
207 550 473 630 ¹lioranni'us,
496 555 564 633 qula
584 553 651 614 Act.
674 554 725 629 18,
748 553 799 615 12.
817 546 938 635 'ldda'ei
951 544 1097 615 Corinthii
1118 550 1274 617 tuinultum
1296 576 1367 618 cou·

147 650 194 700 tra
220 638 346 721 ‚Patrium
385 642 534 709 excitasse
570 640 725 700 traduntur
754 634 958 723 ΧΓαλλιίιιόςΙ
982 631 1281 717 domnachinor·
1307 640 1368 727 τῆς

143 712 468 811 ’Axuicg'ss‘dpe'idiq‘
482 720 637 799 collocavit
658 725 687 783 in
708 716 885 805 indeniendo
909 734 1065 798 eo'anno,
1107 743 1165 805 quo
1189 723 1290 785 Gallio
1308 718 1379 807 pro·

147 804 289 873 hohsdle'
303 800 636 877 omousianorum
664 809 704 868 sit
721 810 757 886 ⁸).
798 804 916 887 Nehu'e
939 809 1016 867 enim
1031 804 1135 890 ,huius
1169 811 1215 869 rei
1249 819 1367 891 tempus

148 888 283 955 iel‘dlutn
307 882 539 973 quishilhn'ri‘os'
558 890 667 953 dodtiit.
703 893 859 977 Nam'et‘l
881 884 1033 971 Plinius
1048 889 1074 976 ἰ)
1096 888 1161 953 ‘ciris
1183 895 1369 977 consulatum

149 986 359 1039 commemorat
382 975 484 1060 (quem
508 997 565 1039 uon
587 972 775 1052 ordiua'riohi,
799 966 861 1037 sed·
874 974 1031 1037 suffectum
1052 962 1163 1051 hiliis,
1182 971 1254 1038 iude
1275 990 1368 1059 appass

95 1128 97 1135 ,
124 1072 206 1138 *ret,
229 1064 304 1142 quod
328 1064 382 1121 riri
414 1063 492 1122 illius
522 1082 626 1121 nornen
658 1081 718 1123 uon
738 1064 888 1141 reperitur
908 1063 938 1121 in
960 1061 1046 1120 lastis
1069 1061 1307 1144 consularibus),
1336 1070 1368 1125 et
1455 1130 1458 1135 ,

150 1148 316 1222 Seneca,
339 1147 482 1208 Gallionis
504 1148 617 1221 frater,
650 1148 688 1206 de
720 1147 783 1206 eius
812 1148 946 1206 discessu
982 1165 1017 1204 ex
1038 1146 1150 1215 Achaia
1182 1146 1312 1226 loquitur
1326 1145 1368 1230 v),
1398 1216 1408 1225 Ι,

152 1239 258 1291 neuter
286 1238 394 1305 tamen,
423 1232 539 1311 quando
564 1233 641 1293 haec
663 1233 855 1310 contigerint,
877 1230 995 1291 indicat.
1038 1229 1139 1310 ltaque
1161 1231 1326 1293 Lorenaius
1349 1252 1368 1293 e
1463 1230 1469 1243 ⁴

150 1317 284 1376 Senecae
306 1316 413 1389 rebus,
440 1337 498 1397 quo
525 1322 659 1395 ternpore
691 1315 788 1376 Gallio
815 1316 947 1374 Achaiae
968 1315 1124 1394 impositus
1152 1315 1266 1389 fuerit,
1299 1306 1368 1376 elti-
1417 1356 1422 1365 ·

152 1420 222 1460 cere
252 1400 360 1460 studet.
415 1400 472 1459 Est
487 1407 590 1467 autem
618 1400 693 1459 haec
722 1401 785 1460 eius
822 1400 985 1472 sententia,
1020 1400 1165 1459 Senecam
1200 1400 1290 1461 fratri
1311 1420 1369 1462 non

96 1546 99 1555 ,
152 1485 243 1560 prius,
265 1504 354 1562 quam
374 1484 465 1556 Nero,
486 1484 580 1562 ipsius
602 1485 745 1558 alumnus,
767 1484 804 1544 ad
825 1485 983 1562 imperium
1005 1485 1183 1544 accessisset
1204 1482 1238 1569 (i.
1260 1505 1285 1544 e.
1310 1505 1369 1546 non

96 1564 99 1569 ’
150 1578 219 1628 ante
234 1588 260 1627 a.
274 1565 361 1650 54),
383 1567 580 1641 consulatum,
602 1587 659 1627 nec
679 1570 763 1647 prius
785 1587 860 1628 antro
884 1574 1027 1646 sequente
1050 1568 1179 1627 Achaiae
1200 1570 1368 1647 praelectu-

153 1673 215 1713 ram
236 1652 396 1730 impetrare
418 1653 559 1731 potuisse.
579 1688 582 1693 ·
602 1653 747 1728 Quoniam
770 1672 841 1712 vero
864 1671 907 1724 ea,
932 1671 1008 1729 quiae
1031 1651 1160 1725 Actia,
1177 1654 1225 1712 12.
1247 1650 1370 1715 ιιιιιιιὲ
1426 1680 1429 1685 ·

153 1747 217 1810 tur,
242 1735 298 1795 sub
326 1738 434 1803 exitum
463 1737 607 1817 temporis
637 1737 865 1797 afaiiloihie'i
887 1735 1056 1797 Corinthios
1084 1739 1198 1814 peracti
1233 1741 1369 1799 evenisse

153 1826 273 1894 censet,
301 1839 397 1900 neque
426 1822 513 1881 huius
536 1823 773 1881 commorationis
796 1823 901 1892 linem,
928 1821 993 1880 aliis
1021 1828 1172 1898 permotus
1193 1823 1368 1895 rationibus,
1416 1855 1420 1864 ·

152 1913 221 1986 post
242 1926 267 1964 a.
290 1904 341 1964 55.
365 1906 502 1966 collocari
524 1925 613 1984 posse
637 1907 801 1966 existimat:
831 1907 889 1964 hoe
911 1906 976 1984 ipso
999 1924 1075 1964 anuo
1098 1911 1128 1964 et
1150 1905 1317 1966 Gallionem
1339 1908 1369 1968 in
1436 1918 1438 1924 “

154 1991 330 2069 provinciam
357 1991 489 2069 legatum
516 1996 547 2050 et
568 1990 689 2049 Paulum
712 1989 855 2050 Goriutho
886 1990 995 2049 abiisse
1022 1991 1132 2048 statuit
1183 1991 1223 2050 At
1244 1993 1369 2068 primum
1452 2046 1469 2065 ,,

153 2076 292 2147 omnium,
314 2094 488 2153 qrramquam
514 2093 572 2134 nou
599 2076 664 2134 sine
691 2075 754 2134 veri
783 2075 884 2153 specie
911 2075 1059 2133 coniicere
1087 2074 1174 2147 licet,
1204 2073 1370 2136 Gallionem

154 2160 250 2220 aerius
271 2159 405 2237 apostolo
426 2159 567 2218 Achaiam
586 2160 715 2218 intrasse
726 2157 779 2240 x),
813 2161 871 2219 hoc
892 2165 990 2218 tamen
1012 2159 1131 2236 probari
1152 2160 1273 2237 nequit,
1302 2179 1371 2220 eum

153 2243 256 2303 ultimo
279 2244 413 2315 demum,
442 2263 500 2321 quo
521 2242 555 2303 P.
577 2244 618 2303 ibi
640 2245 827 2317 versabatur,
859 2262 936 2302 anno
958 2243 1121 2319 advenisse.
1166 2242 1291 2318 Deinde,
1313 2244 1370 2304 etsi
1455 2254 1459 2263 '

155 2347 259 2406 magna
280 2346 347 2387 cum
368 2328 576 2406 probabilitate
599 2328 733 2388 Senecae
754 2329 911 2387 auctoritas
933 2327 1011 2386 haud
1033 2347 1136 2407 parum
1158 2327 1284 2388 valuisse
1306 2347 1371 2388 cre-

154 2412 235 2473 ditur
266 2413 302 2471 ad
324 2412 453 2473 honores
474 2412 541 2472 illos
564 2413 692 2472 Gallioni
714 2413 909 2485 deferendos,
941 2412 1037 2470 minus
1069 2419 1167 2471 tamen
1196 2423 1279 2473 recte
1301 2413 1370 2473 Lor.

153 2498 213 2558 hoc
235 2497 356 2558 Nerone
378 2498 497 2556 demum
519 2499 684 2576 imperante
705 2498 772 2556 fieri
793 2498 925 2575 potuisse
947 2497 1115 2569 contendit,
1144 2516 1233 2574 quum
1256 2498 1372 2557 Seneca

156 2583 214 2641 iam
237 2581 320 2660 prius
342 2583 450 2660 insigni
472 2583 616 2660 gauderet
630 2581 811 2660 Agrippinae
826 2583 939 2655 lavore,
961 2582 1070 2660 quippe
1085 2599 1161 2659 quoae
1183 2600 1260 2653 eum,
1283 2600 1372 2660 quum
1426 2577 1428 2581 ⁴

155 2666 273 2726 vixdum
297 2665 421 2725 Claudio
442 2667 603 2743 nupsisset,
636 2666 672 2726 ab
695 2665 784 2726 exilio
804 2671 973 2725 revocatum
995 2666 1122 2725 Neronis
1144 2673 1372 2744 praeceptorem

157 2750 359 2822 constituisset
373 2747 413 2832 y),
466 2749 568 2828 ltaque
589 2751 615 2810 si
636 2751 706 2829 quid
729 2771 746 2809 e
768 2750 903 2810 Senecae
923 2751 1003 2822 fatis,
1025 2750 1103 2828 quod
1126 2749 1164 2809 ad
1186 2751 1262 2809 hanc
1283 2770 1372 2829 quae-

158 2836 284 2894 stionem
306 2835 462 2912 pertineat,
483 2853 541 2894 uon
563 2836 628 2895 sine
650 2836 716 2894 iure
737 2835 872 2894 corrcludi
892 2842 983 2913 posse
1005 2834 1163 2912 largimur,
1187 2852 1277 2895 unum
1299 2833 1372 2894 illud

156 2920 246 2980 statui
267 2938 358 2998 posse
387 2917 596 2993 concedimus,
619 2919 749 2978 Gallioni
777 2938 834 2978 non
863 2925 943 2991 ante,
971 2908 1195 2996 quam‘Seneca
1218 2921 1254 2978 ab
1284 2919 1372 2978 exilio

157 3004 300 3064 rediisset
315 3001 348 3085 (i.
365 3021 391 3062 e
414 3022 472 3063 uon
493 3011 561 3063 aute
583 3023 609 3065 a.
631 3004 681 3063 49.
698 3000 767 3086 ὴ),
790 3011 821 3065 et
842 3003 1025 3063 consulatum
1046 3010 1077 3064 et
1098 3003 1228 3062 Achaiae
1249 3004 1373 3063 admini-

108 3158 112 3169 .
157 3089 331 3148 strationem
359 3087 466 3148 tradita
492 3107 561 3149 esse
574 3085 617 3171 a),
660 3087 798 3148 Attamen
818 3088 893 3147 baec
916 3095 1024 3167 quanto
1045 3088 1141 3149 serius
1162 3087 1243 3146 facta
1265 3089 1333 3160 siut,
1355 3106 1373 3146 e

156 3173 229 3234 solis
250 3173 334 3233 Pauli
355 3173 536 3253 temporibus
558 3173 716 3248 discimus,
749 3192 836 3252 quem
864 3174 1001 3251 quoniam
1031 3173 1068 3233 ab
1095 3178 1251 3230 auctumuo
1274 3191 1300 3230 a.
1321 3169 1372 3231 52.

158 3346 359 3357 m

225 3439 341 3490 Witsi
352 3455 390 3489 as
415 3439 516 3505 (molet.
535 3437 611 3491 Leid.
634 3459 660 3520 p.
680 3442 730 3491 142
739 3456 797 3508 ις,
808 3454 972 3507 quamquam
988 3434 1038 3487 sub
1055 3435 1113 3505 ipso
1132 3414 1245 3495 Claudio
1262 3432 1376 3487 fortasse

227 3506 344 3558 edictum
363 3506 513 3558 exolevisse
532 3505 687 3573 concedit),
713 3505 975 3557 Rambachius
1003 3503 1116 3566 (iutrod.
1136 3505 1163 3553 in
1183 3522 1224 3572 ep.
1244 3501 1279 3552 ad
1295 3504 1374 3558 Rom.

227 3577 251 3638 §.
270 3573 339 3626 Vlll.
365 3592 392 3643 p.
410 3577 522 3642 95sq.)‚
554 3574 754 3624 Bensonius
788 3573 931 3640 (tell,
975 3572 1099 3638 .208.),
1137 3570 1374 3621 Eichhornins

227 3640 310 3706 (Einl.
319 3642 362 3706 lll,
372 3640 489 3711 ρ.220.),
508 3641 556 3689 Ηιι
566 3642 638 3707 gius
656 3640 687 3707 (l.
699 3640 716 3691 l.
729 3641 761 3703 ll,
772 3659 799 3707 p.
807 3642 887 3705 398.),
905 3592 1038 3690 Schrad
1048 3656 1125 3689 erus
1143 3638 1173 3701 (l.
1187 3656 1208 3689 c.
1221 3657 1248 3707 p.
1258 3639 1375 3706 lislam),

228 3708 430 3760 Koehlerus
456 3706 624 3775 (Abfassgazt
642 3719 691 3760 etc.
707 3725 735 3774 p.
746 3707 815 3774 aa),
833 3707 960 3757 Hemse
970 3709 1053 3756 nius
1071 3705 1133 3773 (1.1.
1146 3723 1172 3772 p.
1186 3711 1243 3757 155.
1261 3718 1315 3758 not.
1328 3706 1376 3772 8.).

228 3779 254 3844 r)
272 3776 301 3827 Si
320 3777 497 3846 reputaveris,
526 3774 675 3845 Agrippam
693 3777 833 3837 minorem,
851 3792 930 3841 quem
949 3772 1076 3826 Claudius
1093 3775 1203 3845 plurimi
1222 3772 1378 3824 aestimabat

228 3843 277 3911 (cf.
295 3864 321 3914 p.
341 3846 427 3907 lta),
447 3861 478 3894 ea
496 3854 592 3907 aetate,
610 3861 663 3912 qua
682 3842 810 3893 iudicium
834 3841 956 3892 habitum
974 3853 1014 3893 est
1033 3842 1066 3893 de
1083 3841 1187 3892 ludaeis
1206 3859 1220 3890 a
1240 3839 1376 3911 Quadrato

228 3914 339 3963 Romam
365 3912 464 3972 missis,
494 3912 511 3963 i.
530 3929 553 3963 e.
572 3922 729 3974 auctumno,
754 3921 785 3959 ut
809 3908 933 3973 videtur,
952 3911 1015 3961 anni
1033 3914 1073 3962 52
1094 3909 1140 3974 (cf.
1160 3928 1186 3978 p.
1206 3914 1247 3959 88.
1266 3919 1321 3960 not.
1338 3908 1377 3973 a.)

227 3981 256 4030 in
284 3978 349 4030 urbe
376 3979 457 4030 fuisse
482 3979 522 4045 (v.
541 3980 604 4029 los.
628 3980 691 4030 Ant.
709 3984 752 4041 20,
770 3984 796 4041 6,
814 3983 839 4031 3.
866 3979 897 4030 Β.
925 3980 943 4030 1.
966 3983 992 4039 2,
1012 3983 1053 4037 12,
1071 3978 1133 4040 7.),
1163 3994 1217 4026 ιιοιι
1242 3977 1299 4026 sine
1320 3975 1376 4025 reri

229 4048 316 4161 {pecie
334 4048 496 4160 cupisceris,
516 4064 596 4160 serap
613 4047 691 4096 huius
709 4048 771 4161 arpni
788 4058 909 4160 tempore
927 4043 1069 4160 Claudiam
1088 4044 1216 4157 edixitssc,
1235 4052 1265 4090 ut
1278 4041 1377 4156 Iludpei

774 4151 780 4162 .
878 4149 884 4161 ι
1167 4127 1180 4157 θ
1202 4127 1261 4155 uam
1300 4126 1333 4157 au
1347 4127 1365 4156 11

143 4198 148 4207 “
231 4124 502 4242 thidtircainSlaeditreetT
525 4130 743 4229 uaencinchhhaem
754 4124 877 4241 (legerer,
899 4129 949 4227 555
959 4124 1304 4246 ιι1ιθι111οηἷιιοέῑηΑ(ἐιῐρριιιιι
1322 4125 1377 4226 lto}

230 4264 301 4296 mam
326 4249 439 4298 intrasse
465 4257 491 4301 et
511 4246 613 4296 ludaeis
630 4244 762 4297 redeundi
780 4246 885 4295 veniam
902 4247 1066 4314 impetrasse.
1168 4244 1193 4307 s)
1212 4242 1284 4293 Anu.
1302 4241 1376 4294 Paul.

230 4334 257 4384 p.
277 4317 361 4383 84sq.
455 4314 479 4379 t)
496 4314 529 4365 Η.
549 4313 581 4364 Ν.
599 4318 641 4377 31,
660 4317 701 4364 33.
793 4314 820 4377 υ)
838 4312 887 4381 Ep.
906 4316 962 4365 lut.
1051 4313 1084 4377 x)
1102 4307 1144 4361 Cf.
1185 4314 1250 4362 .62.
1268 4321 1325 4361 not.
1342 4328 1378 4363 ra.

231 4384 261 4451 y)
280 4382 304 4429 T
314 4399 359 4433 ac.
377 4381 448 4435 Ana.
463 4386 504 4444 12,
514 4388 539 4434 8.
558 4381 601 4431 Di
611 4398 627 4431 o
645 4386 687 4444 60,
699 4385 740 4432 32.
791 4382 818 4442 z)
837 4380 914 4433 Tac.
932 4378 951 4432 1.
969 4328 1376 4445 modolaudcii.lAnn.14,58.

232 4451 260 4514 a)
278 4448 351 4500 ldem
370 4450 423 4499 iam
449 4450 626 4500 Baronius
656 4449 744 4498 innuit
760 4448 839 4514 (ann.
858 4445 892 4497 ad
910 4464 933 4500 a.
952 4443 1113 4498 Claudiili.
1148 4448 1164 4511 S
1191 4444 1333 4509 xxxlss.)
1351 4454 1378 4495 ot

233 4516 496 4568 Tillemontius
514 4518 605 4584 (mim.
625 4516 645 4580 1,‘
662 4520 689 4579 2,
707 4534 734 4585 p.
753 4513 833 4581 815.)
1245 4554 1247 4560 .
