2956 5168
208 258 273 323 lta
452 250 545 315 DAP.
562 248 617 316 'm'
659 250 715 311 Dll
735 248 1003 312 TEMPORIBUS
1022 246 1174 311 RERUM

212 428 281 492 deul
299 426 438 509 potuisse
459 423 592 495 coniicit,
611 428 646 482 ut
664 422 786 496 Areten
802 414 897 502 'quum
918 419 1072 481 Romanos
1092 418 1250 480 Herodem
1270 416 1424 482 adintinas

215 533 286 577 esse
312 508 526 593 praeviderat,
568 507 747 568 Damascum
777 511 983 587 expugnaret,
1017 507 1137 587 quippe·
1161 520 1251 584 quam
1275 505 1316 564 'm
1344 502 1426 567 bella

213 598 389 663 Herodiano
424 612 534 674 magno
556 593 621 653 'sibi
655 593 859 653 emolumento
894 591 965 652 tore
998 596 1178 672 speraret-¹·
1204 590 1350 651 Attamen
1383 592 1427 652 ita

212 689 224 747 i
324 680 491 764 perniciem
516 679 616 758 potius
644 678 702 737 sibi
731 682 904 757 paraturam
930 676 1048 750 luisse,
1083 675 1177 736 nella·
1192 680 1243 735 cst
1268 674 1427 737 dubitatio

242 787 321 849 eque
343 767 423 827 enim
436 764 590 837 Tiberius,
611 762 663 841 qui
685 763 715 823 ei
735 762 864 841 posthac
884 762 967 837 ideo,
988 762 1070 842 quod
1089 758 1426 843 soractiltoirmnorrnn

214 854 297 917 bello
317 852 456 932 petierat,
474 853 638 927 tantopere
659 848 842 919 succensuit,
866 852 898 905 ut
918 866 988 907 eum
1009 851 1061 906 aut
1080 846 1179 906 vivum
1199 850 1256 906 sut
1273 850 1427 907 normam

213 939 293 1001 tradi
314 937 371 996 sibi
391 934 495 1008 vellet,
516 934 620 993 mitiss
642 931 681 991 de
703 951 741 991 eo
763 932 929 1005 statuisset,
950 932 977 991 si
997 932 1029 991 ln
1045 932 1234 1013 provinciam
1256 929 1428 991 Bonnam

212 1023 383 1104 irrupisset.
424 1018 528 1098 ltaque
550 1036 589 1077 ex
609 1017 670 1076 hoc
691 1036 768 1092 uuo,
790 1017 872 1096 quod
892 1018 1001 1076 Aretes
1021 1016 1060 1076 ad
1078 1016 1155 1076 illud
1176 1032 1276 1095 usqae
1295 1020 1428 1097 tempas,

213 1127 274 1189 quo
291 1102 432 1169 Vitellius
455 1122 525 1163 eum
546 1103 659 1162 adoriri
678 1103 777 1162 iussus
800 1108 857 1175 est,
879 1120 1005 1181 reguum
1028 1102 1172 1174 obtinuit,¹
1189 1100 1289 1181 certo,
1310 1102 1428 1183 opinor,

212 1191 354 1255 concludi
375 1190 466 1262 licet,
502 1204 571 1247 cum
592 1188 677 1267 prius
697 1187 772 1247 uihil
793 1186 1000 1261 commisisse,
1035 1186 1116 1267 quod
1144 1185 1306 1245 Tiberium
1329 1187 1427 1266 magis

213 1280 305 1339 etiarn
332 1272 557 1334 exacerbasset.
615 1272 834 1332 lloelnlerus
856 1277 990 1346 Arctum,
1012 1272 1139 1331 simulac
1160 1270 1278 1331 bellum
1297 1268 1428 1331 avitat-

212 1363 255 1422 lio
276 1359 416 1420 edomari
435 1356 637 1417 intellexisset
666 1356 700 1425 (i.
730 1376 757 1417 c.
784 1356 971 1432 Februario,
1007 1358 1052 1416 uti
1079 1356 1139 1416 ille·
1160 1355 1274 1428 credit,
1304 1364 1332 1415 t.
1349 1351 1426 1437 Ἤ.)

212 1445 388 1507 Damascum
410 1444 531 1523 cepisse
552 1443 723 1515 arbitantur,
744 1447 789 1515 ut,
812 1441 884 1504 dum
897 1440 1014 1502 ¹Vitellii
1036 1418 1173 1521 ldglouea
1195 1439 1330 1515 Petram,
1351 1440 1426 1500 Are-

211 1537 264 1592 tse
283 1528 409 1609 regiam,
432 1527 624 1599 obsiderent,
644 1532 751 1586 natura
771 1526 852 1586 illem
883 1528 1004 1606 quidem
1026 1526 1152 1606 egregie
1173 1526 1331 1597 munitam,
1353 1526 1426 1605 ipse,

211 1608 1427 1777 Atiliiiittillti31¹¹til:“tititi:¹¹initiitsttili

212 1802 303 1864 quem
331 1782 479 1843 Damasco
506 1783 718 1861 imposuisset,
748 1782 951 1855 ethnarchae,
978 1801 1019 1842 ne
1046 1780 1131 1841 forte
1156 1798 1234 1840 nora
1261 1780 1341 1841 belli
1359 1798 1428 1839 ausa

233 1870 425 1943 meberetur,
454 1869 486 1927 in
514 1867 660 1926 mandetis
683 1866 820 1939 dedisse,
850 1874 885 1927 ut
906 1886 945 1927 ex
966 1866 1100 1926 esurire
1122 1866 1309 1925 discederet
1341 1863 1428 1924 aaa

211 1890 288 2015 baec
309 1968 398 2033 quam
419 1952 547 2011 maxime
571 1970 592 2011 a
618 1953 746 2011 veritate
774 1951 871 2011 aliena
897 1956 976 2012 sunt.
1031 1951 1107 2010 Nam
1128 1948 1290 2025 Vitellius,
1315 1950 1427 2009 eureio

213 2039 252 2097 de
265 2038 404 2096 Damasci
427 2037 648 2114 expugnatione
663 2041 800 2114 accepto,
822 2056 883 2095 non
896 2040 1027 2116 poterat,
1050 2037 1122 2115 quin
1142 2036 1273 2116 primum
1296 2035 1426 2095 omnium

212 2123 284 2182 luuic
305 2121 373 2179 urbi
394 2120 620 2200 recuperandae
642 2138 766 2198 operam
788 2121 883 2195 daret,
904 2121 1083 2201 praesertim
1105 2140 1196 2199 quum
1216 2119 1258 2193 ei,
1280 2120 1360 2181 dum
1372 2120 1427 2180 An·

211 2204 325 2267 tiochia
345 2202 565 2264 Ptolemaidem
592 2204 706 2278 tendit,
735 2205 796 2264 iter
823 2225 880 2284 per
899 2207 995 2284 ipsam
1017 2202 1133 2266 Coelen
1164 2202 1285 2283 Syriam
1313 2203 1426 2265 fecicu-

213 2292 285 2351 dum
308 2294 400 2349 esset.
443 2288 711 2367 NequeAretam,
732 2294 893 2369 postquam
914 2288 1055 2351 Vitellius
1078 2288 1189 2350 Coeles
1211 2288 1326 2368 Syriae
1356 2290 1426 2350 llues

210 2377 270 2435 iam
290 2379 498 2453 transgressus
521 2378 602 2447 erat,
637 2373 814 2434 Damascum
835 2376 973 2434 adortum
996 2394 1065 2434 esse
1087 2374 1277 2463 suspiceris3
1318 2374 1427 2435 etenim

210 2460 416 2521 Romanorum
432 2459 502 2534 dux,
527 2464 562 2518 ut
573 2462 706 2534 careret,
728 2478 767 2519 uc
788 2460 860 2539 quid
872 2459 952 2519 bello
967 2478 1115 2541 prospere
1128 2459 1269 2541 gerendo
1285 2458 1426 2532 obstaret,

210 2545 294 2606 illico
322 2562 463 2605 reversus
492 2548 576 2604 esset
603 2544 642 2605 ad
669 2545 784 2609 Arabes
814 2565 853 2605 eu
875 2546 950 2605 urbe
971 2544 1141 2624 pellendos.
1194 2542 1344 2605 Attamen
1361 2549 1425 2603 tau-

210 2635 275 2689 tum
296 2627 393 2704 abest,
414 2633 447 2689 ut
468 2628 517 2688 vel
539 2628 723 2689 levissimum
744 2630 834 2690 huius
855 2631 901 2690 rei
922 2631 1083 2709 vestigium
1103 2629 1286 2703 invenietur,
1309 2635 1344 2689 ut
1362 2626 1425 2688 uul-

210 2714 275 2774 lam.
295 2714 383 2774 aliam
411 2715 561 2775 exercitui
586 2732 701 2774 mamm
729 2715 939 2794 interpositam
967 2734 1036 2774 esse
1057 2715 1219 2794 legamus·‚'
1237 2732 1332 2793 quam
1353 2731 1425 2794 quae

209 2799 283 2858 inde
304 2805 371 2858 orta
392 2798 502 2874 fuerit,
534 2799 615 2877 quod
641 2805 841 2881 propraetor,
862 2818 902 2859 ue
921 2799 1084 2879 religiosos
1106 2798 1291 2859 ludaeorum
1313 2799 1424 2858 animos

210 2884 305 2963 siguis
320 2880 488 2966 (inquibus
509 2883 668 2945 sirnulacra
682 2880 813 2966 inerant)
828 2905 884 2963 per
906 2904 1012 2944 eorum
1025 2878 1145 2945 'terram
1165 2880 1307 2945 ferendis
1330 2882 1425 2943 offen·

210 2968 316 3041 deret,
351 2986 408 3046 per
442 2968 582 3048 ambages
617 2970 757 3029 Arabiam
787 2988 893 3029 versus
920 2970 1050 3031 duxerit.
1112 2967 1295 3028 Plurimi
1328 2974 1424 3030 autem

209 3050 388 3112 Damascum
414 3053 515 3112 metim
541 3058 612 3131 post
638 3051 755 3114 Vitellii
785 3054 917 3114 reditum
944 3056 976 3113 in
1003 3054 1122 3133 Syriam
1149 3058 1332 3133 occupatam
1362 3070 1424 3114 esse

211 3140 359 3210 censent;
382 3156 469 3215 quam
490 3138 672 3198 seutentiam
693 3140 761 3219 quia
782 3140 911 3199 maxime
932 3140 1064 3203 omnium
1085 3134 1117 3199 H
1123 3138 1237 3219 ugius
1262 3138 1424 3210 exornavit,

211 3241 294 3295 eam,
323 3240 381 3301 qua
408 3220 460 3281 hic
481 3241 554 3281 usus
587 3228 650 3295 est,
685 3224 976 3302 argumentationem
1002 3225 1034 3284 iu
1064 3224 1197 3285 medium
1226 3221 1425 3303 proferamus

210 3304 324 3366 Statuit
345 3305 444 3385 igitur
473 3304 511 3368 V.
532 3306 580 3379 1),
608 3307 732 3367 Arctum
759 3314 791 3369 et
812 3309 956 3369 victoriae
977 3310 1016 3368 de
1037 3308 1155 3370 ludaeis
1175 3307 1294 3369 relatae
1318 3326 1425 3389 oppor-

209 3391 347 3464 tunitate,
369 3396 401 3449 et
423 3409 470 3464 eo,
482 3390 575 3469 quod
596 3393 750 3452 exercitus
766 3390 945 3471 Vitellianus
965 3394 997 3453 in
1017 3393 1144 3454 hiberna
1163 3406 1313 3454 reversus
1328 3392 1426 3465 fuerit,

210 3480 243 3534 et
264 3475 374 3535 nuncio
397 3474 437 3534 de
458 3474 577 3535 Tiberii
599 3476 683 3537 obitu
704 3484 875 3557 permotum
896 3472 1002 3543 uicem
1016 3476 1229 3539 Damascenam
1248 3496 1426 3558 aggressum

211 3577 297 3634 esse,
330 3560 442 3641 quippe
469 3580 557 3641 quam
585 3567 617 3621 et
645 3560 718 3621 olim
738 3562 888 3623 Archibus
918 3564 1076 3643 paruisse,
1106 3568 1218 3643 neque
1237 3562 1357 3643 exiguo
1376 3561 1427 3622 ubi

211 3645 371 3704 commodo
392 3643 526 3707 futuram
546 3665 617 3707 esse
636 3648 770 3709 sciverit.
820 3648 966 3709 Ceterum
993 3644 1271 3731 (emiuentientibus
1295 3648 1428 3720 wisera,
1459 3684 1463 3695 ·

209 3725 417 3803 Feilmosero,
445 3729 629 3805 llemsenio,
650 3732 818 3811 Neandro).
842 3752 908 3793 eam
938 3733 994 3793 sub
1019 3733 1134 3792 Aretae
1176 3736 1315 3793 otestate
1336 3732 1429 3793 fnisse

210 3811 336 3872 coniicit
363 3815 401 3899 ed
428 3832 536 3877 sunum
565 3834 664 3894 usque
693 3816 760 3876 Caii
790 3816 929 3879 Caesaris
958 3818 1126 3879 secundum
1153 3752 1204 3898 da
1226 3814 1265 3876 D.
1290 3817 1368 3899 88.)
1390 3813 1431 3899 *),

211 3897 296 3977 quie,
327 3898 416 3977 quum
443 3899 494 3958 lric
523 3918 561 3960 eo
591 3920 669 3963 anuo
691 3903 839 3965 Arabibus
866 3903 995 3965 Ituraeis
1022 3900 1097 3986 (qui
1116 3922 1179 3965 uon
1197 3902 1316 3982 procul
1336 3924 1356 3964 a
1376 3902 1431 3961 Ds-

209 3999 311 4041 masce
332 3980 522 4065 habitabant)
551 4003 657 4062 regem
681 3986 875 4066 imposuerit,
910 3986 1001 4066 Cotyi
1021 3988 1195 4049 Armeniam
1225 3987 1384 4049 minorem
1404 3992 1432 4045 et

209 4064 370 4126 nonnullas
384 4067 515 4128 Arabiae
526 4074 630 4149 partes
644 4069 775 4148 dederit,
788 4091 825 4135 ac
838 4071 1007 4147 Polemoni,
1020 4071 1194 4134 Polemonis
1207 4070 1284 4155 lilio,
1302 4091 1434 4153 regnum

275 4261 428 4326 ⁴)Aun11m
454 4262 568 4315 dicimus
591 4262 730 4333 Caligulae
751 4271 907 4335 secundum,
935 4268 1017 4336 Rugii
1036 4267 1124 4320 rsrhia
1140 4231 1311 4325 intuma.
1338 4285 1434 4339 quaeun-

274 4330 1263 4470 rueiu‘tatst‘serismasimissa}
1276 4334 1436 4456 ‘aaliz

207 4523 211 4529 ι
274 4460 434 4529 adprimus
447 4435 514 4519 'caii
532 4484 632 4518 aunum
652 4418 777 4585 {mim
811 4438 917 4538 dltsqde
945 4441 1034 4523 midas
1048 4420 1339 4523 'recto-'’Scisosb'us
1362 4424 1436 4540 lidda-

619 4572 627 4600 ‚
687 4554 724 4589 ca

276 4541 416 4600 certeruug
435 4545 487 4586 etc.
510 4551 538 4602 p.
556 4535 609 4600 95.]
730 4536 815 4588 udor
844 4539 954 4607 [Gssch.
981 4538 1008 4591 d.
1030 4537 1104 4606 Pflag
1125 4536 1152 4595 (L
1177 4536 1262 4591 chal..
1283 4539 1326 4593 K.
1347 4553 1400 4594 stc.
1417 4541 1437 4604 l,

273 4616 303 4666 p.
317 4599 390 4679 llsl.]
416 4618 469 4665 ea,
498 4618 566 4667 quse
589 4602 641 4653 Dio
662 4621 690 4655 c.
707 4607 750 4656 12.
765 4604 865 4670 tradit,
888 4602 969 4671 idae,
994 4605 1069 4673 qaod
1087 4603 1221 4657 mundas
1236 4605 1328 4659 auius
1346 4609 1439 4680 inape-

271 4676 468 4730 retorss,snuaa
482 4669 562 4725 initio
577 4687 600 4722 ιι.
616 4675 660 4726 3⁹.
676 4667 768 4723 finitus
783 4674 829 4736 sir,
845 4671 880 4725 ad
896 4674 970 4729 huno
985 4692 1010 4729 a.
1026 4672 1217 4743 :eampum
1237 4672 1440 4742 obtentu.)
