2978 5168
184 268 228 333 es
354 264 441 331 ear.
460 264 510 329 ru
552 264 608 329 ou
629 258 892 327 mutuamus
912 258 1060 327 mauu
1081 258 1239 341 uuauu

186 438 266 501 ilinc
286 446 423 519 tenpore
442 454 539 499 oeruo
558 434 713 515 proiectus
726 431 933 497 Macedoniam
956 432 1064 495 transit
1245 518 1263 577 l

229 522 296 585 iere
339 542 372 584 er
1190 536 1229 579 nu
1266 562 1275 579 .

185 544 336 688 Pnuppii
359 614 430 689 poet
459 623 567 687 azymo
585 604 700 666 relictis
720 602 930 683 Hierosolyma
951 598 990 662 rd
1016 600 1064 664 ie-

230 701 309 756 stum
325 698 524 775 pentecostes
544 689 756 751 celebrandum
775 688 892 767 arrigat
913 707 968 768 per
1190 706 1230 747 m.
1245 688 1296 765 14.

188 775 405 857 Hierosolymis
433 774 522 855 paulo
545 780 614 855 pest
635 781 738 855 uptus
760 780 792 837 ct
813 770 991 834 Caesaream
1013 771 1066 833 de·

230 864 353 937 duetus,
388 860 426 921 cd
451 860 538 923 Festi
565 877 661 940 usque
689 858 850 921 adrentum
878 858 910 919 in
940 856 1066 919 ιΙιιοιιΙΙι
1108 940 1130 1003 ²

230 946 279 1007 cxi
300 947 323 1007 't
1067 960 1095 1001 a.
1130 982 1139 1002 .

187 966 329 1092 llouecffla
349 1030 442 1091 Festo
463 1028 588 1091 llomom
607 1028 757 1105 mittetur,
778 1024 935 1089 eleluntur
947 1024 1045 1089 terme
1197 1046 1238 1089 m.
1250 1026 1273 1089 8
1286 1027 1336 1091 vel
1350 1028 1384 1089 4.

189 1114 338 1177 Caesarea
366 1122 535 1177 auctumno
560 1113 664 1189 solvit,
693 1120 726 1174 ct
753 1112 880 1175 Romam
900 1129 995 1171 oerrw
1015 1110 1068 1172 ad·

165 1207 180 1241 ⁸
232 1200 314 1261 vonit
333 1206 470 1279 tempore
488 1206 559 1279 post
1195 1216 1233 1257 ιιι.
1247 1196 1270 1257 c
1283 1196 1333 1259 vel
1346 1196 1380 1259 Ἰ.

189 1282 303 1345 llomae
324 1284 457 1363 captivus
479 1287 689 1363 versaturum·
1068 1301 1094 1340 a.
1109 1280 1140 1340 2.

275 1368 338 1429 seo
357 1368 435 1429 mee
455 1366 607 1431 meum
657 1366 813 1447 seuero,
841 1370 875 1426 ιιι
895 1366 932 1427 u
954 1366 1156 1446 quaestionem
1178 1344 1233 1428 nis
1254 1374 1416 1429 convetu-

189 1472 272 1529 mus,
299 1460 445 1533 quaeest

775 1624 824 1701 B.

194 1758 247 1835 de
281 1758 565 1863 temporibus
599 1754 678 1855 iis,
727 1758 890 1860 quibus
932 1756 1127 1857 singulo,
1161 1780 1273 1857 queo
1305 1754 1416 1833 Act.

280 1904 338 1955 cc
364 1876 721 1955 xv-xxvlll.
747 1887 1011 1967 uertentur,
1046 1872 1319 1953 occiderint.

277 2032 327 2091 lix
346 2032 399 2105 lis,
421 2048 497 2110 quac
516 2030 671 2109 hucusque
692 2031 772 2092 dicta
792 2037 877 2106 sunt,
903 2029 978 2089 illud
999 2028 1090 2089 facilc
1109 2026 1303 2109 intelligitur,
1323 2026 1416 2091 modo

196 2116 284 2177 rmiue
305 2134 409 2177 earum
429 2134 549 2191 rerum,
581 2134 656 2195 quoe
684 2116 756 2177 inde
776 2133 793 2176 a
813 2116 910 2195 ummo
931 2112 1015 2174 Pauli
1035 2112 1074 2174 ad
1095 2109 1264 2175 Corinthios
1285 2112 1417 2174 moenio

195 2202 507 2281 contigerunt‚·aetae
527 2200 694 2262 accuratius
715 2201 755 2262 ait
775 2201 952 2274 constituto,
973 2198 1154 2278 reliquarum
1175 2204 1311 2279 tempora
1332 2198 1416 2259 nullo

194 2286 321 2347 inveniri
351 2284 479 2365 negotio.
522 2284 583 2345 lam
615 2304 706 2365 quum
733 2304 770 2347 ex
797 2290 900 2346 nostra
927 2284 1046 2363 quidem
1067 2282 1215 2343 sententia
1241 2282 1279 2343 ad
1305 2280 1418 2345 ttted
1464 2345 1469 2354 ,

196 2369 317 2430 demum
339 2377 491 2450 tempus
511 2368 732 2445 deliniendum,
763 2389 834 2451 quo
856 2368 1006 2430 Pouluc
1027 2368 1210 2429 ultimum
1231 2366 1417 2429 Hieroso-
1459 2368 1463 2376 “

198 2456 305 2533 lyme
330 2454 608 2535 navigaverit,
642 2456 750 2516 idonea
776 2455 863 2515 uobis
891 2453 951 2515 nint
980 2451 1148 2535 praesidia,
1177 2451 1248 2512 huic
1279 2452 1417 2515 eruendo

196 2539 256 2599 iam
278 2557 399 2618 operam
419 2539 597 2601 cavebimus.
640 2540 702 2601 Sed
723 2540 859 2620 quoniam
880 2540 956 2600 haec
982 2537 1117 2617 quaestio
1138 2556 1206 2598 cum
1225 2534 1417 2617 indagatione

197 2624 410 2700 terminorum,
438 2623 543 2704 quibua
569 2623 764 2687 includendus
793 2624 832 2686 ait
852 2642 945 2685 annua
966 2623 1009 2697 is,
1041 2640 1099 2703 quo
1118 2622 1252 2683 Felicem
1272 2639 1418 2702 procera·

197 2713 295 2769 torem
321 2710 352 2770 iu
379 2708 489 2771 ludeee
517 2708 748 2771 administranda
768 2708 878 2771 Festus
899 2714 949 2769 est
968 2712 1106 2781 secutus,
1135 2713 1196 2767 tam
1217 2709 1300 2767 arcto
1320 2706 1418 2769 conti·

198 2798 286 2854 netur
306 2794 438 2868 vinculo,
466 2798 517 2868 ut,
548 2794 606 2855 nisi
626 2794 684 2855 hac
704 2796 743 2855 de
763 2814 799 2856 re
819 2799 903 2854 certo
924 2792 1107 2867 constiterit,
1137 2790 1283 2871 disputari
1304 2790 1346 2853 de
1366 2791 1419 2853 illa

198 2894 347 2957 prospere
366 2895 427 2938 uon
448 2878 557 2958 possltc
588 2887 658 2941 aule
679 2880 790 2954 omnia,
822 2897 882 2959 quo
902 2878 1048 2959 temporie
1067 2876 1169 2955 epotio
1189 2875 1283 2937 Felix
1303 2874 1419 2939 Polae-

200 2963 315 3021 etiroom
336 2962 516 3043 reliquerit,
537 2964 757 3043 investigemus.

283 3047 329 3107 Ac
355 3048 484 3127 primum
512 3048 632 3128 quidem
660 3048 691 3111 iu
718 3048 964 3128 disceptationem
989 3045 1153 3106 vocandum
1180 3049 1244 3121 est,
1274 3064 1335 3125 quo
1363 3045 1420 3107 iilo

199 3148 283 3191 nuno
311 3149 440 3191 meruere
460 3132 562 3213 suoogi
591 3134 733 3213 coeperit.
782 3134 916 3194 Felicem
949 3136 1020 3211 post
1053 3130 1216 3191 cumanum
1247 3130 1420 3193 damnatum

201 3235 226 3275 a
249 3212 301 3275 52.
331 3213 499 3295 (exeunte,
528 3222 560 3277 ut
587 3216 740 3296 videtum)
769 3215 897 3279 Iudaeae
923 3236 941 3277 a
971 3213 1095 3276 Claudio
1123 3213 1310 3294 praefectum
1337 3233 1424 3291 ease,

201 3302 288 3363 testis
307 3307 355 3363 eat
368 3300 559 3382 losephea
573 3296 614 3383 α).
643 3300 777 3378 Quocum
791 3300 951 3363 Tacitus
973 3306 1096 3363 munus
1118 3297 1238 3379 quidem
1259 3300 1421 3377 comeam

203 3430 401 3443 m

235 3516 267 3581 o)
284 3514 350 3566 Ant.
367 3518 411 3579 nt),
431 3521 456 3581 7,
475 3522 506 3570 1:
530 3517 635 3587 πέμπει
652 3515 747 3571 δὲκαὶ
764 3514 904 3577 Κλαύδιος
921 3510 1028 3583 Φήλικα
1047 3511 1206 3577 Πάλλαντος
1220 3511 1349 3586 drisimir
1365 3522 1421 3573 τῶν

271 3579 340 3633 κατὰ
356 3578 408 3647 τὴν
421 3583 560 3637 Ἰουδαίαν
575 3580 804 3657 προστησόμενον
820 3604 898 3654 rincy
919 3579 1006 3638 ἅιων·
1034 3583 1081 3647 τῆς
1102 3583 1134 3637 δὲ
1156 3583 1242 3654 ἀρχῆς
1259 3584 1424 3641 δωδέκατον

270 3650 331 3709 ἔτος
345 3644 398 3717 ἤδη
414 3648 611 3720 πεπληρωκὼς,
629 3652 756 3723 duocimo
765 3652 816 3705 τὸν
829 3650 838 3669 ’
856 3671 891 3725 γρ
902 3668 983 3705 naor
999 3652 1029 3725 τῇ
1047 3652 1189 3706 Φιλίππου
1205 3654 1351 3722 τετραρχίᾳ
1366 3668 1421 3709 etc.

269 3716 324 3767 Ubi
342 3736 424 3787 quum
442 3719 549 3771 Flavius
565 3726 593 3774 Δ
610 3723 703 3791 rippae
720 3739 750 3772 re
768 3740 832 3771 num
849 3723 902 3771 ium
919 3718 1021 3789 expleto
1039 3716 1147 3772 Claudii
1165 3737 1234 3771 enno
1250 3722 1310 3775 xli.
1334 3723 1377 3788 (i.
1396 3742 1422 3777 e.

270 3795 332 3902 Hert
348 3802 373 3836 a.
393 3786 564 3841 (1.1Χ.Κιι1.
602 3789 659 3843 ebr.
679 3805 704 3842 a.
715 3740 775 3856 535
793 3798 901 3841 auctum
918 3806 974 3840 eree
991 3785 1098 3855 tradat,
1124 3787 1207 3839 Felici
1224 3788 1350 3840 Iudaeam
1368 3808 1422 3843 eo-

292 3870 424 3904 emanue
440 3854 561 3907 nondum
577 3872 686 3924 prorsus
696 3854 791 3923 linito,
815 3856 842 3909 h.
859 3874 881 3909 e.
899 3874 923 3905 a.
941 3860 983 3907 52.
1009 3867 1124 3907 exeunte
1141 3866 1189 3905 aut
1204 3856 1313 3907 ineunte
1331 3862 1422 3923 uba„

270 3920 1424 4058 ltili?ilictiiieltltiiJ³it¹¹¹iciiri²⁰0i2⁰t3lctii'tiipiti:

272 4057 343 4106 circa
368 4023 535 4107 ou'ctumuum
558 4074 581 4112 e.
598 4062 640 4109 52.
659 4056 725 4109 illuc
752 4010 890 4108 adrcniEse
911 4059 1042 4108 statueris.
1078 4010 1167 4111 Obiici
1193 4010 1301 4127 quidem
1323 4064 1421 4128 possit,

273 4120 437 4188 Cumanum,
466 4135 497 4175 ut
520 4126 567 4195 qui
592 4126 663 4177 circa
685 4142 833 4194 azymorum
845 4124 953 4195 foetum
979 4142 1039 4175 reus
1063 4127 1092 4176 in
1116 4125 1210 4177 urbem
1228 4124 1366 4197 proiectus
1385 4129 1423 4180 ait

272 4192 346 4255 (loe.
369 4192 401 4246 B.
417 4190 437 4244 l.
453 4197 486 4260 2,
509 4198 550 4256 12,
568 4194 631 4260 u),
656 4204 770 4261 tempore
796 4212 875 4243 veruo
906 4190 1128 4256 condemnatum,
1164 4211 1248 4264 eaque
1279 4192 1314 4245 de
1339 4212 1424 4247 cauea

272 4258 391 4311 Felicem
413 4272 512 4313 Mateta
537 4270 607 4313 certe
633 4262 657 4312 ei
686 4262 843 4313 successisse
867 4260 961 4312 videri.
1005 4264 1194 4313 Verumtamen
1217 4272 1264 4311 aut
1288 4260 1423 4314 iudicium

273 4324 388 4378 dilutum
405 4345 475 4389 ease,
493 4340 540 4381 aut
558 4326 708 4383 Cumanum
723 4333 752 4379 in
769 4330 864 4381 itinere
879 4346 965 4381 moras
982 4331 1106 4381 nexuisse
1118 4327 1191 4381 haud
1201 4347 1340 4399 perperam
1352 4347 1423 4381 cou-

272 4393 383 4457 iecerit,
400 4412 484 4464 quum
500 4397 573 4450 idem
591 4396 625 4448 eb
643 4396 704 4449 aliis
719 4398 749 4449 in
765 4397 847 4449 simili
864 4414 943 4449 causa
960 4395 1058 4448 iactum
1070 4415 1126 4449 esse
1138 4408 1242 4449 constet
1258 4396 1306 4464 (ci
1316 4397 1423 4449 Lnd-

274 4478 379 4513 πει-ιιι
396 4461 416 4513 l.
434 4482 458 4519 c.
475 4466 497 4527 Ι,
533 4466 759 4533 ,687-699.).-
776 4460 903 4516 Getarum
918 4464 1005 4517 obiter
1021 4464 1171 4515 notandum
1187 4464 1302 4529 ridetur,
1319 4462 1341 4519 l.
1356 4464 1424 4519 Ant.

273 4527 342 4579 Lin
356 4484 596 4601 Epipheniiiibria
611 4549 678 4602 pro:
697 4530 854 4586 dedicator
869 4532 940 4614 legi:
970 4530 1095 4585 δέκατον.
1129 4531 1204 4603 Quae
1222 4533 1355 4603 scriptura
1372 4536 1424 4585 etei

272 4596 376 4648 maiore
398 4598 532 4651 niteretur
554 4602 731 4665 auctoritate,
756 4610 847 4651 tamen
872 4598 1017 4653 rericieude
1040 4610 1115 4653 esset.
1148 4602 1217 4652 Nam
1233 4599 1356 4671 Agrippe
1373 4600 1425 4665 11„

273 4682 356 4733 quum
375 4664 504 4737 ampliore
519 4666 567 4721 ille
583 4667 688 4721 ditione
704 4666 867 4736 donaretur,
883 4668 938 4721 iano
953 4684 1004 4739 per
1020 4668 1220 4737 quadriennium
1234 4670 1310 4739 regia
1326 4666 1425 4737 digni-
