2956 5168
122 185 166 248 aa
546 136 677 247 onan
720 179 778 244 na
799 182 920 260 nuno,

124 355 164 418 de
184 353 305 435 azymis
318 370 487 417 sermonem
509 371 588 428 esse,
609 351 762 439 colligitq
780 350 887 437 (223.
916 355 946 429 4,
961 351 1013 414 45.
1044 352 1092 414 cll.
1114 353 1145 427 2,
1163 353 1213 414 la.
1245 354 1294 427 al.;
1315 372 1345 414 v.

124 437 244 523 supra),
280 460 336 520 per
356 439 495 521 profecto
514 440 620 501 mirum
641 440 769 512 fuisset,
803 439 915 535 si0hoc
944 458 1003 499 uno
1033 438 1099 498 loco
1119 440 1241 519 proprio
1261 439 1348 499 illam

121 526 332 588 solennitatem
372 523 515 585 vocabulo
546 524 691 602 insignire
717 522 869 587 noluisset·
932 523 1064 587 Maxune
1090 542 1186 602 porro
1217 523 1346 584 offendit

122 611 205 673 idem
226 609 339 670 festum
360 609 391 684 c,
412 610 443 668 4.
464 626 632 682 aecumens,
653 626 743 687 quem
763 607 861 668 locum
882 608 932 668 alii
953 609 1018 668 sine
1038 607 1145 667 idonea
1166 626 1254 667 cansa
1276 627 1346 668 cor-

71 730 73 735 ·
123 702 244 797 ruptum
264 699 441 775 putaverunt
457 689 502 775 x),
514 693 575 752 -alii
595 694 638 752 ita
658 691 861 771 explicuerunt
871 738 884 767 ,
903 700 938 753 ut
958 693 1048 751 verba
1068 681 1167 775 ἦν”ὂὲ
1189 686 1284 774 ἐγγὺς
1304 687 1344 754 τὸ

124 797 240 857 πασχα
269 779 308 838 de
338 779 450 857 azymis
476 778 565 837 modo
587 777 815 856 praeterlapsis,
843 795 903 847 non
925 777 963 838 de
983 777 1176 849 instantibus,
1197 776 1348 855 iutellige-

124 870 194 926 rent
209 859 252 945 γ).
304 861 367 922 Sed
389 855 484 945 ἐγγὺς
505 862 544 921 de
571 867 709 940 tempore
730 860 861 935 dictum,
881 881 941 923 non
963 861 1063 920 addito
1085 853 1145 934 ἔτι,
1166 863 1284 920 nonnisi
1306 861 1347 920 de

124 950 215 1011 rebus
236 948 414 1009 instantibus
435 947 572 1025 usurpari
592 965 693 1025 posse,
713 946 792 1005 bene
813 948 871 1006 iam
893 946 942 1006 alii
963 943 1140 1006 mohuerdnt
1156 940 1201 1028 τ).
1259 944 1349 1004 Nihil

124 1034 214 1114 Igitur
234 1038 347 1107 restat,
386 1030 449 1092 uisi
471 1038 505 1091 ut
532 1051 559 1090 o.
582 1028 604 1090 b
624 1036 656 1090 et
676 1031 707 1090 6.
729 1030 904 1091 deduobus
926 1031 1052 1091 diversis
1073 1026 1225 1111 paschatis
1254 1029 1347 1089 festis

124 1119 217 1179 verba
237 1115 318 1177 facta
339 1135 408 1177 esse
429 1120 577 1189 statuant,
608 1115 656 1175 cui
678 1115 795 1193 quidem
817 1115 981 1175 sententiae
1003 1115 1179 1179 narrationis
1200 1114 1348 1175 loanneae

48 1230 50 1237 ·
124 1201 241 1263 indoles
268 1220 392 1279 prorsus
419 1206 574 1278 repugnat.
624 1199 748 1259 loannes
776 1200 874 1274 enim,
902 1196 1076 1277 ubicunque·
1099 1218 1136 1258 ex
1166 1198 1263 1277 aliquo
1283 1219 1349 1257 am-

124 1287 221 1368 pliore
247 1286 392 1363 temporis
422 1286 518 1363 spatio
550 1283 625 1343 nihil
645 1283 836 1345 memorabile
856 1285 961 1358 tradit,
1004 1285 1129 1344 innuere
1151 1293 1250 1357 certe,
1273 1281 1350 1362 quid

125 1377 190 1433 tum
218 1369 302 1430 lesus
329 1369 361 1431 in
390 1370 559 1429 utdversum
587 1369 698 1448 egerit,
722 1368 807 1428 solet.
870 1368 946 1428 Nam
967 1368 1101 1433 absoluta
1122 1387 1224 1428 earum
1244 1387 1350 1428 rerum

127 1454 346 1533 descriptione,
384 1473 460 1533 quae
486 1453 574 1534 paulo
594 1459 664 1532 post
686 1452 799 1514 Christi
818 1453 997 1531 baptismum
1018 1453 1122 1532 gestae
1143 1459 1228 1525 sunt,
1262 1459 1350 1512 ante·
1384 1469 1386 1473 ’

16 1548 24 1567 ⁴
127 1559 216 1619 quam
238 1538 412 1619 deprimo,
441 1541 518 1618 quod
548 1538 631 1598 lesus
660 1538 765 1599 doctor
795 1538 1008 1615 celebraverit,
1042 1537 1185 1617 paschate
1206 1537 1350 1616 loquitur,

128 1624 325 1704 capernaumi
356 1643 423 1697 eum
455 1642 521 1683 cum
553 1623 705 1701 discipuhs
737 1628 768 1682 ct
797 1622 941 1683 fratribus
974 1630 1005 1683 et
1038 1628 1133 1682 matre
1160 1621 1352 1700 aliquamdiu

127 1711 278 1783 manasse
298 1715 399 1768 narrat
421 1704 466 1789 (2,
489 1708 549 1767 12:
580 1703 664 1787 μετὰ
685 1707 784 1769 ταῦτα
808 1703 929 1788 κατέβη
953 1700 1002 1781 αἶς
1022 1703 1262 1791 Καννερνααύμ,
1286 1697 1352 1768 αὖ·

127 1790 196 1868 τὰς,
219 1789 276 1869 καὶ
310 1785 454 1878 ίμήτηρ
478 1785 598 1866 αὐτοῦ,
621 1799 690 1862 etc,
721 1788 780 1863 uui
805 1783 1122 1872 rineii'peaaaa
1152 1781 1201 1853 αὖ
1235 1787 1353 1852 παλ-

125 1874 208 1965 λᾶς
235 1814 432 1981 upuppae).
476 1878 602 1952 Deinde,
612 1882 789 1982 postquam,
812 1895 888 1955 quae
908 1875 992 1936 lesus
1014 1878 1045 1936 in
1066 1876 1208 1954 paschate
1228 1875 1351 1948 fecerit,

72 1973 74 1981 ’
126 1963 241 2038 retulit,
261 1983 345 2042 μετα
366 1962 480 2032 ταῦτα,
503 1948 585 2035 dicit,
605 1957 712 2045 ηλθεν
734 1951 752 2022 ὃ
771 1951 900 2044 Ἰησοῦς
922 1995 965 2006 -
978 1953 1086 2034 -εἰς
1105 1954 1164 2045 τὴν
1181 1951 1352 2022 Ἰουδαίαν

127 2047 197 2133 γῆν,
220 2044 292 2110 καὶ
320 2042 415 2110 ἐκεῖ
455 2041 791 2130 διέτριβε--
813 2040 885 2107 καὶ
918 2037 1160 2126 ἐβάπτιζεν
1203 2039 1352 2126 (Mb),

63 2146 65 2152 ’
129 2133 236 2213 quibos
258 2132 357 2190 verbis
378 2131 560 2209 Apostolus,
593 2128 667 2210 quid
686 2129 777 2190 Iesus
797 2130 881 2190 inter
897 2129 1015 2210 pascha
1036 2135 1070 2190 et
1089 2131 1151 2190 iter
1173 2127 1352 2188 Samarita-

127 2230 214 2287 num,
236 2215 316 2294 quod
346 2222 471 2293 quatuor
497 2222 577 2276 ante,
597 2234 727 2276 messem
748 2215 816 2274 anni
830 2214 988 2292 sequentis
1009 2215 1160 2274 mensibus
1181 2214 1353 2277 institutum

128 2307 186 2376 est,
209 2296 264 2384 (cf.
285 2301 317 2374 4,
336 2298 399 2373 354
420 2321 447 2359 v.
468 2320 500 2378 p.
520 2295 590 2381 25.)
619 2300 881 2383 egerit,i11dicat.
934 2299 1040 2374 Hinc,
1068 2300 1225 2382 interiecto
1246 2296 1353 2377 Bapti-

129 2392 196 2447 stae
216 2386 386 2446 testimonio
415 2384 536 2444 desua
561 2384 598 2443 ad
627 2384 778 2444 Christum
800 2385 959 2458 relatione,
980 2385 1019 2443 ad
1041 2383 1266 2450 describendam
1289 2382 1364 2442 llo--

129 2471 201 2532 mini
221 2489 278 2548 per
300 2469 460 2529 Samariam
483 2468 698 2549 profectionem
719 2471 841 2543 transit,
876 2488 965 2548 quem
990 2474 1059 2548 post
1080 2467 1257 2546 colloquium
1280 2487 1350 2527 oum

128 2555 256 2631 muliere
278 2554 461 2614 Samaritana
481 2555 623 2626 habitum,
644 2554 779 2631 Sychare
800 2574 855 2633 per
876 2553 998 2612 biduum
1019 2559 1175 2624 moratum,
1189 2552 1267 2611 ¹inde
1290 2549 1351 2610 Ga-

128 2659 197 2701 aam
216 2640 248 2699 in
270 2638 403 2700 Galilaea
423 2640 552 2711 abiisse,
587 2638 688 2718 ibique
715 2638 776 2699 filio
797 2639 925 2698 ministri
945 2639 1021 2716 regii
1041 2637 1240 2697 'valetudinem
1260 2636 1351 2695 resti-

128 2726 224 2785 tuisse
245 2724 335 2783 docet
370 2719 415 2807 (4,
436 2719 595 2805 4754.)
662 2724 727 2800 Quo
757 2722 839 2783 facto
867 2742 957 2801 quum
978 2723 1097 2782 adesset
1117 2721 1207 2794 illud,
1229 2721 1268 2780 de
1290 2740 1351 2798 quo

129 2809 292 2889 quaeritur,
313 2808 434 2884 festum,
454 2808 547 2881 lesus,
569 2810 612 2867 uti
634 2808 757 2868 loannes
778 2807 878 2880 tradit,
898 2805 1105 2885 Hierosolyma
1125 2808 1248 2884 migrat,
1269 2805 1352 2866 made

60 2933 62 2935 -
129 2895 161 2954 in
181 2892 344 2953 Galilaeam
365 2895 469 2968 redux,
491 2893 791 2971 appropinquantibus
814 2911 985 2970 azymorum
1007 2891 1121 2964 diebus,
1144 2892 1273 2969 quinque
1295 2889 1352 2949 ho-

28 2980 29 2985 ’
129 2979 241 3039 minum
262 2977 355 3038 millia
376 2980 464 3050 cibat,
486 2980 517 3038 in
539 2979 614 3037 mari
630 2977 763 3040 Galilaea
784 2977 904 3051 incedit,
927 2977 977 3035 die
997 2976 1135 3053 sequenti
1153 2974 1352 3053 Capernaumi

130 3063 295 3123 orationem
322 3063 429 3138 habet,
469 3083 526 3142 qua
547 3062 665 3136 audita,
698 3061 783 3122 multi
810 3081 878 3122 eum
904 3060 1041 3139 discipuli
1063 3061 1219 3133 deserunt,
1240 3057 1350 3118 Petrus

129 3154 279 3227 tamquam
300 3146 443 3207 Messium
464 3148 598 3226 agnoscit
620 3141 665 3228 (5,
690 3146 803 3220 1-6,
824 3146 900 3205 Ἡ..
965 3144 1038 3204 Inde
1060 3145 1215 3217 Christus,
1254 3142 1361 3203 donec

130 3232 315 3314 scenopegia
336 3238 467 3311 agatur,
487 3233 520 3290 in
544 3231 686 3299 Galilaea
708 3230 845 3290 ambulat
888 3222 1224 3313 περιεπάτει-
1243 3261 1287 3272 -
1309 3222 1353 3290 ἐν

130 3317 183 3460 aq
215 3317 247 3377 Γ
255 3310 459 3460 alalqa'qq,
484 3316 520 3461 ξ,
537 3310 604 3460 ll⁰);
627 3315 666 3458 ιιὲἰ
686 3314 992 3460 haucnsolenthaterp
1005 3313 1221 3458 ·⁰e¹febl³ndlm
1241 3314 1356 3411 lliero-·

149 3421 247 3480 cyma
266 3420 300 3461 se
322 3419 377 3460 con
392 3421 425 3460 er
504 3446 513 3475 ,
580 3421 614 3473 .;
664 3421 682 3460 e
710 3419 798 3460 varus
828 3419 862 3459 re
885 3419 919 3458 us
952 3418 969 3458 e
1004 3418 1034 3459 ιιι
1072 3418 1176 3458 esoe
1209 3416 1353 3475 proxumus

133 3493 203 3567 post
224 3487 335 3546 festum
356 3484 460 3545 diebus
482 3504 548 3544 cum
569 3485 685 3546 ludaeis
708 3485 838 3564 disputat
874 3484 904 3558 7,
928 3484 1059 3558 14-8,
1080 3480 1131 3543 59.
1158 3505 1167 3556 ;
1200 3483 1354 3541 hominem

131 3421 148 3462 s
460 3396 474 3483 ι
589 3396 602 3483 >
1134 3480 1148 3565 )

134 3590 255 3631 caecum
277 3576 361 3630 sanat
383 3565 557 3653 (9,lsqq.),
580 3589 668 3648 quam
688 3570 726 3628 ob
748 3589 813 3629 rem
832 3568 986 3628 Pharisaei
1006 3568 1098 3628 multa
1119 3575 1150 3627 et
1171 3567 1238 3628 lesu
1260 3586 1354 3645 nego-

14 3654 16 3658 ’
133 3656 350 3719 delucescunt
372 3661 403 3715 et
424 3656 462 3730 ei,
485 3656 534 3714 cui
555 3652 704 3715 cernendi
717 3653 891 3715 facultatem
912 3641 1036 3713 dederat
1058 3647 1354 3736 (o‚1o-1o,21.).

133 3740 180 3800 Ea
201 3740 271 3799 dum
292 3745 453 3818 geruntur,
474 3740 582 3800 adsunt
603 3740 761 3811 encaenia,
783 3759 841 3818 quo
861 3739 941 3800 festo
962 3738 1054 3812 lesus,
1077 3758 1166 3816 quum
1187 3735 1363 3815 periculum

135 3831 226 3898 esset,
249 3843 288 3883 ne
309 3830 430 3903 propter
451 3824 614 3885 doctrinam
636 3844 654 3882 a
673 3823 789 3884 ludaeis
811 3825 1006 3896 occideretur,
1027 3824 1058 3882 in
1079 3823 1222 3882 Peraeam
1237 3840 1271 3880 se
1283 3839 1355 3891 cop-

113 3909 197 3989 ,fert
219 3906 284 3990 (39,
305 3905 389 3991 oo),
425 3910 478 3969 ubi
500 3931 563 3989 per
593 3907 717 3988 aliquod
753 3915 875 3989 tempus
906 3915 1012 3966 manet
1040 3902 1137 3987 (καὶ
1172 3899 1355 3985 ἔμεινεν

136 3990 249 4067 ἐκεῖ,
271 3992 325 4066 41,
344 3990 421 4074 42).
485 3995 616 4054 Lazarus
642 3994 802 4054 suscitatur
823 3991 898 4075 (11,
922 3993 939 4050 l
962 3989 1066 4076 sqq.);
1110 3993 1192 4050 auius
1220 3988 1356 4050 miraculi

135 4078 217 4139 fama
237 4079 275 4138 ad
296 4078 472 4139 Pharisaeos
499 4079 642 4139 transsata
663 4077 773 4151 elficit,
800 4084 835 4137 ut
855 4077 955 4137 lesum
975 4076 1176 4136 interficiendi
1198 4075 1356 4134 eonsilium

137 4166 271 4244 capiatur
292 4157 485 4246 (ot-53.)
544 4164 645 4241 ltaque
675 4162 758 4222 lesus
786 4161 980 4241 Ephraimum
1011 4163 1132 4240 migrat,
1169 4159 1266 4238 ibique
1297 4161 1357 4218 ali-

137 4248 282 4329 quamdiu
303 4257 448 4309 cersatur
469 4247 611 4332 (κανεῖ
641 4241 832 4330 διέτριβε
857 4240 948 4326 ‘uacci
969 4246 1034 4308 τῶν
1054 4243 1217 4329 μαθητῶν
1239 4235 1354 4315 αὐτοῦ,

136 4329 216 4416 54).
250 4333 318 4411 ¹lam
338 4335 450 4418 pascha
469 4333 686 4415 appropinquat
707 4327 807 4415 (bb),
839 4331 918 4413 quod
940 4350 1029 4412 quum
1045 4338 1118 4412 vpost
1139 4349 1193 4399 sex
1214 4331 1279 4390 dies
1302 4350 1356 4388 ex-

202 4620 236 4686 ν)
244 4620 280 4673 V.
292 4637 371 4690 supra
380 4616 537 4689 not.i,p.24.
571 4619 599 4687 y)
609 4620 629 4668 P
638 4637 654 4670 a
662 4619 698 4668 ul
708 4636 745 4670 us
763 4636 858 4673 comm.
868 4617 916 4682 IV,
932 4636 964 4739 p.
976 4617 1035 4670 333.
1048 4616 1072 4664 H
1082 4633 1117 4679 as
1127 4616 1136 4665 i
1146 4634 1163 4664 u
1172 4633 1201 4679 s,
1220 4613 1287 4667 Leb.
1295 4614 1357 4665 lesu

205 4688 286 4754 hilo.
355 4686 629 4756 z)Kuinoelius
654 4705 750 4740 comm.
774 4685 811 4739 ad
832 4689 870 4741 lo.
886 4686 915 4755 6,
950 4722 959 4741 .
992 4678 1309 4747 Ltickiusadlo.5,
1330 4686 1356 4736 1.
