2956 5168
122 252 165 311 (B
291 246 379 310 cnr.
399 245 450 309 lll.
491 245 545 308 hu
566 244 828 309 TEMPORIBUS
847 246 995 311 EARUM
1016 247 1174 337 husun,
1212 274 1221 293 ·

123 428 158 481 ut
177 420 330 499 probaret,
358 420 416 480 iter
442 417 560 498 aliquod
586 417 714 499 apostoli
739 417 1009 479 Thessaloniccusc
1038 419 1071 479 in
1096 419 1181 481 Actis
1201 424 1340 501 practerss

124 506 247 566 missum
268 523 354 579 csse,
375 503 432 565 hoc
453 523 525 563 usus
546 504 587 564 sit
607 509 794 583 argument03
817 505 928 564 etenim
950 523 1038 581 quum
1052 502 1175 565 Paulum
1196 504 1338 584 epistolas

125 590 163 651 ad
190 588 473 650 Thessalonicenses
501 594 569 668 post
595 588 667 648 illud
697 588 815 647 demum
844 589 904 648 iter
931 587 1157 649 lilacedouicum
1178 590 1338 669 scripsisse

126 675 301 749 contendat,
332 675 410 755 quod
439 674 507 735 Act.
534 673 586 742 2⁰,
606 674 636 731 1.
657 671 688 731 2.
709 678 860 732 narratur:
890 690 988 732 nonne
1019 692 1114 752 acque
1140 674 1182 733 ita
1204 680 1338 735 statuere

38 790 42 801 .
126 765 261 842 poterat,
291 759 457 838 apostolum
478 766 546 818 tum
567 758 711 837 temporis
732 758 889 836 episcopos
911 757 1057 819 ccclesiae
1077 756 1341 829 Thessaloniceusi

127 843 310 925 praefecisse
320 842 374 925 J)‘i
428 842 569 916 Accedit,
604 841 683 920 quod
710 849 826 901 temere
853 843 993 915 sumitur,
1027 840 1340 905 Thessalonicensinru

127 929 320 1010 presbyteros
341 926 465 987 aPaulo
480 926 561 1006 ipso,
584 931 698 1004 neque,
719 934 753 986 nt
770 925 957 989 Cretensium
975 928 1129 1006 magistros
1150 923 1226 1009 (Tit
1239 928 1273 1002 l,
1284 923 1343 1009 h),

128 1013 165 1076 ah
193 1014 291 1091 aliquo
322 1012 385 1071 eius
415 1009 559 1085 discipulo
586 1011 763 1073 constitutos
789 1029 868 1072 ease.
888 1045 932 1057 -
961 1010 1058 1071 Locos
1079 1009 1189 1071 deinde
1210 1010 1341 1072 offerti

128 1097 237 1158 Thess.
258 1095 355 1170 4,ll.
370 1095 420 1154 12.
441 1094 462 1153 2
479 1093 587 1173 Thess.
609 1093 640 1169 8,
662 1096 711 1154 lt).
735 1094 783 1174 (p.
804 1095 898 1155 Μ-
909 1091 1003 1174 92),
1037 1115 1075 1156 ex
1103 1097 1210 1174 quihus
1231 1095 1344 1157 intelli-

128 1183 225 1262 gitur,
259 1177 399 1253 Paulum,
432 1198 522 1258 quum
550 1177 782 1241 Thessalonicae
812 1188 912 1256 esset,
945 1180 1055 1241 incolas
1088 1179 1278 1241 Christianos
1307 1181 1344 1241 ah

129 1268 226 1327 otioso
258 1265 337 1324 vitae
365 1282 477 1344 genere
507 1282 672 1323 revocasse.
716 1263 813 1342 Negat
838 1272 937 1324 autem
965 1264 1069 1338 Solon,
1100 1265 1166 1325 ficri
1194 1266 1345 1345 potuisse.

129 1358 180 1424 ut,
209 1351 236 1409 si
265 1348 329 1428 quis
357 1355 416 1409 ιιιιι
437 1348 551 1428 prohae
572 1355 654 1408 esset
674 1348 800 1422 indolis,
826 1354 859 1407 nt
879 1349 918 1409 ad
937 1346 1049 1409 Christi
1071 1356 1169 1411 castra
1189 1350 1347 1421 mnatre,

131 1435 210 1495 idem
232 1435 309 1493 iutra
330 1433 430 1512 viginti
452 1433 566 1492 dierum
580 1433 707 1511 spatium
722 1429 803 1515 (Act.
816 1431 867 1507 17,
878 1433 923 1513 2.)
934 1477 954 1505 ,.
965 1433 1035 1494 licet
1049 1434 1200 1495 doctorem
1214 1434 1347 1494 maxima

132 1539 199 1580 cum
219 1518 363 1578 industria
384 1519 491 1577 victum
514 1524 705 1597 quaerentem
725 1517 841 1578 videret
862 1514 904 1601 (2
918 1516 1028 1579 Thess.
1047 1518 1078 1593 8,
1092 1519 1164 1579 7-
1174 1512 1240 1599 9.),
1261 1517 1346 1579 desi·

132 1605 200 1664 diae
228 1610 327 1664 tamen
353 1621 421 1662 sese
449 1601 543 1664 daret
585 1601 690 1681 ltaque
719 1602 786 1682 quia
806 1603 865 1664 hoc
885 1603 986 1663 vitium
1007 1602 1103 1662 scrius
1124 1603 1244 1663 demum
1262 1603 1347 1663 inter

132 1687 316 1749 christianos
350 1685 459 1747 Thess.
492 1687 576 1748 nasci
605 1688 749 1767 potnerit,
787 1686 866 1748 idem
895 1686 992 1748 serius
1021 1686 1154 1761 demum,
1191 1706 1285 1766 quum
1312 1684 1346 1745 Ρ.

132 1775 245 1834 iterum
261 1773 340 1851 apud
356 1791 409 1832 cos
422 1780 602 1845 versaretur,
624 1772 661 1831 ab
676 1790 712 1831 eo
722 1730 884 1850 viTuperari
895 1771 1027 1850 potuisse
1044 1772 1145 1833 credit
1167 1771 1212 1832 Ao
1224 1770 1254 1832 'sl
1264 1772 1346 1833 inter

132 1878 200 1932 eos,
232 1859 283 1937 qui
310 1856 430 1916 Christo
458 1875 566 1916 nomeu
594 1856 754 1931 dederant,
784 1864 856 1923 not
872 1857 1039 1935 potuissent
1060 1856 1148 1941 aliqui
1169 1860 1253 1917 certe
1273 1874 1346 1941 esse

131 1963 190 2005 non
218 1942 312 2002 malae
338 1941 457 2021 quidem
485 1940 592 2001 indolis
620 1941 772 2015 homines,
803 1940 857 2001 sed
884 1940 935 2018 qui
962 1960 979 1999 a
1004 1940 1107 2001 labore
1135 1938 1345 2011 abhorrerent,

129 2046 229 2107 neque
250 2026 348 2086 statim
370 2047 387 2085 a
408 2027 535 2106 pristina
562 2025 777 2085 consuetudine
806 2023 998 2084 recederent!
1047 2022 1136 2100 Quod
1163 2044 1234 2087 sero
1256 2023 1344 2086 Schr.

132 2113 229 2185 addit,
250 2110 342 2172 falsas
364 2111 402 2170 de
425 2111 591 2190 propinquo
609 2108 721 2169 Christi
741 2107 839 2168 reditu
860 2108 1014 2187 opiniones
1036 2114 1104 2188 post
1124 2106 1209 2177 Pauli
1231 2108 1345 2175 disces-

132 2217 197 2260 sum
226 2202 306 2256 ortes
334 2195 467 2255 desidiae
493 2193 802 2254 Thessalonicensium
829 2212 933 2253 causas
960 2192 1056 2252 fuisse
1077 2192 1188 2253 videri:
1220 2193 1253 2255 id
1274 2210 1346 2255 cou-

131 2283 246 2343 iectura
273 2281 389 2360 potius,
419 2298 506 2356 quarn
533 2278 623 2338 certis
645 2277 748 2338 nititur
768 2277 955 2356 argumentis.
980 2310 1018 2320 -
1044 2275 1140 2336 Porro
1161 2272 1204 2360 (p.
1227 2276 1271 2339 92
1284 2276 1343 2359 sq.)

132 2367 217 2443 inde,
242 2365 325 2444 'quod
351 2363 462 2425 Paulus
483 2362 627 2421 2Thcss.
650 2362 680 2436 2,
697 2359 727 2421 5.
758 2379 792 2422 se
814 2362 933 2435 eadem,
961 2380 1037 2440 quse
1058 2381 1085 2421 v.
1108 2360 1220 2422 1-4.
1243 2366 1347 2425 contra

133 2450 309 2529 deceptores
331 2453 501 2521 monuerat,
522 2448 580 2506 iam
599 2453 788 2525 praesentem
797 2442 1081 2507 Thessalonicenses
1103 2446 1242 2507 docuisse
1263 2444 1347 2507 affir-

133 2543 210 2608 mat,
231 2533 385 2607 videlicet,
414 2531 483 2610 quid
505 2531 693 2591 statuendum
715 2532 755 2592 sit
775 2528 813 2590 de
835 2530 948 2591 Christi
969 2524 1160 2617 mapovot'q:
1183 2530 1279 2609 hinc,
1299 2531 1345 2591 ln·

133 2640 238 2700 quam,
265 2625 368 2679 auctor
388 2615 551 2689 concludit,
580 2634 713 2690 causam,
742 2634 796 2675 our
815 2615 848 2674 P.
870 2615 926 2675 ista
947 2616 1005 2677 iam
1026 2622 1106 2691 tum,
1135 2614 1346 2697 quum'lhes-

134 2704 282 2765 salonicae
312 2708 411 2774 essct,
442 2700 612 2780 protulerit,
646 2701 719 2761 item
748 2701 779 2760 iu
807 2700 1014 2781 deceptoribus
1042 2699 1240 2781 quaerendam
1267 2718 1346 2763 esse.

135 2788 226 2868 Atqui
248 2787 315 2846 ficri
335 2786 469 2865 potuisse
490 2790 593 2864 negat,
623 2790 656 2846 ut
676 2786 753 2845 intra
773 2785 862 2845 trium
882 2778 1101 2867 hebdomadum
1122 2786 1266 2867 spatium,
1287 2803 1347 2866 quo

135 2893 184 2951 ap.
212 2872 339 2949 primum
365 2871 444 2930 inter
471 2868 755 2933 Thessalonicenses
780 2875 975 2933 commoratus
1009 2866 1119 2946 suerit,
1158 2869 1248 2931 simul
1279 2888 1346 2933 cum

134 2956 269 3015 veritatis
291 2954 426 3014 doctrina
447 2955 664 3033 superstitionis
686 2975 803 3036 quoque
829 2974 974 3016 vencnum
996 2956 1099 3016 eorum
1121 2952 1348 3033 animisiniun·

136 3040 273 3108 deretur,
301 3044 389 3115 atque
410 3039 468 3098 rim
490 3039 565 3099 adeo
585 3040 645 3106 iam
675 3040 817 3120 proderet
846 3032 1053 3122 perniciosam.
1088 3038 1197 3120 ltaque
1222 3036 1346 3099 Paulum

136 3122 233 3183 serius
255 3120 389 3197 demum,
411 3143 501 3200 quum
522 3124 614 3183 altera
635 3125 699 3186 vice
720 3125 799 3186 inter
820 3145 872 3186 eos
890 3120 1073 3197 versaretur,
1094 3122 1144 3183 illa
1159 3120 1346 3185 canhcss.

138 3207 355 3268 communicare
388 3209 521 3286 poluisse
549 3215 660 3270 censet.
698 3208 774 3269 Sed.
793 3217 827 3272 ut
855 3210 1030 3290 largiamur,
1057 3208 1129 3275 satis
1149 3204 1348 3289 improbabile

137 3311 221 3364 esse,
243 3298 303 3377 tam
324 3290 398 3366 cito,
420 3292 468 3372 qui
489 3291 566 3351 falsa
586 3293 813 3372 praeciperent,
830 3294 889 3354 hoo
908 3294 942 3353 in
962 3298 1050 3354 coetu
1066 3292 1227 3369 exstitisse,
1246 3309 1348 3353 uonue

136 3375 170 3436 Ρ.
194 3376 322 3448 eadem„
348 3395 423 3455 quae
451 3375 735 3439 Thessalonicenses
764 3380 863 3440 statim
891 3378 927 3438 ao
955 3376 1040 3439 initio
1068 3376 1110 3438 ita
1130 3376 1288 3453 docuerat,
1315 3382 1348 3437 nt

137 3459 212 3521 alius
241 3461 285 3519 rei
311 3463 456 3543 rationem
482 3480 541 3522 non
571 3461 712 3535 haberet,
743 3482 830 3542 quam
856 3463 934 3542 quod
961 3461 1012 3522 illa
1040 3452 1072 3524 cl
1100 3481 1170 3523 vera
1189 3465 1297 3539 esseut
1316 3464 1347 3520 et

137 3544 215 3605 scitu
236 3545 340 3623 digna,
371 3545 402 3606 in
423 3565 470 3628 ep.
491 3551 631 3627 repetere
652 3553 752 3609 eontra
773 3546 950 3627 deceptores
971 3544 1096 3628 potuit,¹
1116 3538 1166 3626 qui
1185 3545 1294 3627 sotius
1307 3540 1349 3606 lr-

137 3630 315 3708 repserantl
351 3630 417 3706 Ac,
439 3632 506 3693 'nisi
534 3632 594 3693 hoo
614 3631 777 3712 placuerit,
809 3649 906 3693 nonne
926 3630 983 3712 R,
1000 3630 1084 3711 prius
1111 3631 1168 3690 iam
1195 3633 1350 3709 expertos,

138 3731 224 3793 quam
237 3714 339 3794 ‚facile
367 3714 443 3778 haec
468 3718 532 3794 ipsa
558 3716 690 3777 doctrina
718 3716 754 3797 ab
780 3716 946 3777 hominihus
973 3713 1170 3777 haudulentis
1195 3712 1348 3793 corrumpi

138 3797 265 3870 soleret,
293 3801 333 3860 ita
361 3801 439 3880 apud
468 3800 576 3860 Thess.
604 3801 643 3860 de
672 3819 708 3861 ea
734 3798 915 3862 ‘disseruisse
942 3800 1042 3879 putari
1061 3805 1175 3880 potest,
1204 3802 1238 3858 ut
1259 3795 1349 3859 simul

138 3884 305 3963 respiceret
331 3885 467 3973 dqctores
494 3883 603 3958 falsos,
632 3886 659 3945 sl
686 3884 738 3962 qul
764 3885 845 3949 forte
872 3881 1037 3944 adventuri
1055 3888 1176 3956 essent,
1202 3900 1261 3943 uon
1282 3900 1351 3956 cos,

183 3968 190 3984 .
226 3970 233 3984 .
412 3968 419 3985 .
511 3968 527 4011 ,δ
555 4001 598 4012 -
670 3967 681 3984 .
1082 3968 1091 3984 .
1167 3967 1176 3984 .

139 3966 586 4131 egestosis...
615 3966 739 4130 iss
756 3954 1350 4132 lhlcsttoztrrst

138 4137 248 4199 tionem
277 4136 391 4198 hahere
418 4137 617 4211 existimetur,
641 4135 756 4216 'optime
784 4136 925 4218 explicari
952 4137 1041 4213 dicit,
1073 4132 1351 4209 cnr.1'lhess.8,

139 4222 162 4281 7
171 4223 253 4282 —t).
273 4222 349 4284 tanti
368 4222 473 4298 faciat,
501 4221 579 4302 quod
607 4239 696 4281 maun
723 4219 802 4283 iuter
823 4241 874 4283 eos
894 4221 1090 4299 laboraverit,
1119 4219 1350 4304 siquidemnou

140 4310 234 4390 solnm
258 4319 353 4401 prima
380 4314 463 4386 vioe,
491 4308 641 4371 nulladum
669 4303 798 4389 ecclesia
826 4307 868 4368 ihi
896 4307 1069 4381 constituta,
1099 4294 1154 4384 sed
1181 4309 1213 4366 et
1239 4303 1350 4379 scrin,

140 4425 231 4495 quum
251 4419 374 4485 sperare
400 4396 561 4481 potuisset,
586 4391 666 4456 tore
695 4395 735 4461 ut
749 4391 786 4454 ab
808 4390 941 4455 omnihus
962 4392 1056 4472 gratis
1077 4391 1350 4485 exciperetur&

140 4573 337 4595 ffl-

173 4677 204 4746 γ)
222 4673 296 4727 Idem
312 4668 347 4722 dc
362 4664 497 4723 noannllia
515 4680 622 4738 quoqne
633 4642 735 4733 corum,
748 4682 824 4740 quea
840 4673 999 4740 sequuntur,
1018 4675 1233 4738 argumentorum
1251 4657 1354 4721 dican·
