2956 5168
231 152 343 237 quse
363 148 456 220 ιοι.
479 148 589 217 cnse.
613 148 860 219 xv-xxvm.
881 150 1185 221 conrmsmus
1207 159 1244 223 ι.
1301 160 1344 221 ιι

122 273 325 406 nmciipssm
352 345 402 406 ep.
428 320 619 409 (seomrdam
648 321 740 407 dico)
769 342 808 387 eo
830 324 1051 411 conscripsisse
1079 344 1175 402 auno,
1202 348 1262 411 quo
1284 330 1344 391 iter

124 412 197 474 illud
229 409 532 491 llierosoiymitauum
560 408 684 482 fecerit,
714 409 821 471 eloco
838 410 859 471 2
874 410 944 472 Gor.
959 411 1010 484 11,
1024 410 1065 471 31
1086 444 1130 457 ·-
1151 411 1203 486 12,
1224 415 1253 473 2.
1275 433 1345 494 pro·

125 498 198 558 bure
218 496 349 570 studuit,
370 496 414 555 itu
433 494 625 555 ratiocinatus
647 491 691 577 (p.
706 490 862 557 55-57.
884 494 1182 575 cll.p.1to.1no.):
1204 517 1346 577 persecu·

124 582 252 655 tionem,
274 600 331 659 qua
352 579 385 641 Ρ.
408 578 546 640 Damasci
565 596 603 651 se
621 580 799 658 exagitatum
821 598 890 641 esse
909 579 1009 641 tradat
1031 579 1096 658 (11,
1110 581 1187 661 32),
1208 583 1344 645 collatam

123 685 193 729 cum
213 666 267 739 iis,
287 683 366 745 quae
387 671 474 725 antea
497 659 746 745 (11,23-29.)
766 669 996 739 recenseantur,
1016 664 1151 726 eiusdem
1173 667 1347 729 csiamitcti·

125 752 202 825 bus,
228 750 352 822 minoris
383 768 454 811 esse
479 748 637 821 momenti,
664 768 753 826 quam
780 749 864 809 cuius
884 748 1040 811 veritatem
1060 750 1212 829 apostolus
1233 754 1346 813 iureiu-

124 835 219 895 rando
246 830 287 915 (v.
307 830 375 915 31.)
405 832 599 895 confirmasse
625 832 687 892 dici
715 834 825 913 possit3
859 833 1061 894 iusiurandum
1088 836 1180 915 igitur
1206 835 1279 897 illud
1307 838 1346 898 ad

124 920 269 1065 timii
284 918 853 1083 illisittlttttttictt:
866 914 971 1065 tari·
982 917 1347 1068 (2113113132.

714 1044 724 1075 9

124 1088 368 1167 intelligendum,
402 1108 438 1149 ao
466 1087 492 1149 si
517 1093 616 1167 apost.
645 1087 833 1166 scripsissett
868 1087 1085 1163 „smctissime
1113 1087 1251 1166 affirmo,
1286 1110 1346 1166 me,

126 1192 217 1253 quum
245 1170 391 1234 Damasco
417 1172 564 1251 fugissem
592 1168 742 1253 (primum
772 1171 818 1233 rei
853 1169 1042 1233 Christianae
1078 1192 1168 1234 causa
1197 1174 1347 1255 ructus),

125 1263 196 1319 ante
216 1257 272 1320 hos
294 1256 518 1336 quatuordecim
539 1274 631 1317 anuos
651 1257 683 1317 in
704 1257 834 1317 ecstasin
854 1260 972 1337 raptum
992 1258 1105 1331 essc,“
1126 1264 1157 1319 et
1178 1266 1347 1338 quaesunt

124 1342 250 1421 relique.
301 1341 399 1419 Quem
429 1359 519 1420 quum
549 1347 668 1420 putaret
695 1359 765 1401 esse
791 1340 850 1401 loci
876 1358 1002 1417 nexum,
1032 1339 1135 1421 iugem
1162 1348 1195 1405 et
1214 1345 1347 1405 ecstasin

125 1427 233 1489 eodem
253 1426 321 1487 fere
342 1434 479 1504 tempore
499 1424 663 1499 accidisse,
698 1424 767 1503 quin
788 1424 867 1485 hauc
886 1424 1030 1486 visionem
1050 1428 1088 1488 ab
1109 1446 1148 1489 ea
1167 1445 1228 1489 non
1248 1428 1348 1490 diver-

125 1530 189 1573 sam
207 1510 303 1572 inisse
323 1510 484 1583 conclusit,
506 1526 583 1589 quae
597 1507 688 1567 Paulo
709 1509 837 1588 primum
856 1528 893 1570 ex
906 1509 981 1568 urbe
992 1508 1175 1574 Damascena
1189 1511 1347 1575 adflicto·

126 1595 317 1674 solymitanos
339 1594 444 1656 reduci
464 1594 495 1653 iu
517 1592 629 1673 templo
650 1593 691 1653 sit
712 1593 810 1653 oblata
832 1590 913 1673 (Act,
926 1592 979 1668 22,
994 1593 1035 1654 lt
1050 1592 1142 1677 sqq).
1181 1596 1245 1657 Iam
1266 1598 1347 1677 quia,

126 1679 178 1759 qui
199 1679 267 1740 Gal.
280 1679 312 1753 2,
326 1680 355 1739 1.
376 1686 659 1751 commemorentur,
680 1676 830 1741 auniXiV
848 1678 1005 1739 abeodem
1024 1679 1054 1739 ei
1074 1680 1248 1741 numerandi
1265 1682 1347 1743 vidc-

125 1763 234 1825 bantur
248 1782 340 1838 auno,
370 1783 429 1844 quo
442 1761 495 1837 P.,
516 1762 664 1823 Damasco
674 1762 838 1843 profugus,
858 1763 988 1841 primum
1000 1762 1211 1845 Hierosolyma
1224 1774 1348 1829 venerat

126 1846 209 1929 (eat.
225 1849 254 1922 l,
270 1844 351 1929 18.):
373 1848 540 1927 apostolum
552 1866 610 1907 nno
625 1845 790 1927 eodemque
811 1866 888 1909 anuo
909 1852 941 1907 et
953 1846 982 1907 2.
998 1847 1037 1907 ad
1052 1847 1122 1909 Cor.
1140 1866 1190 1929 ep.
1207 1850 1348 1930 scripsis-

125 1953 178 2008 se,
199 1940 231 1995 et
249 1935 308 1994 iter
327 1930 648 2013 Hierosolymitcuum,
671 1932 755 1993 cuius
778 1932 889 2011 pientio
909 1930 946 1991 iit
966 1930 1031 1993 Gai.
1053 1932 1085 2007 2,
1106 1933 1219 2013 Ῑιοο.,
1242 1952 1348 1996 ιοιοο·

126 2018 211 2099 pisse
231 2018 369 2099 collegit,
399 2018 458 2078 1ιοο
479 2015 545 2077 solo
566 2016 753 2089 discrimine,
784 2016 863 2095 quod
884 2013 978 2079 altera
990 2034 1042 2077 res
1062 2023 1132 2097 post
1151 2036 1245 2080 annos
1266 2018 1348 2097 183,

126 2102 221 2164 altera
241 2110 311 2183 post
331 2121 423 2163 anuos
446 2098 510 2178 14}
529 2102 678 2176 evenerit,
710 2119 787 2180 quae
808 2100 928 2180 quidem
948 2100 1104 2162 intervalla
1123 2100 1251 2179 Paulus,
1278 2104 1348 2182 quia

124 2187 200 2249 nihil
226 2187 395 2261 attinuerit,
425 2204 545 2247 meuses
577 2190 610 2245 et
636 2184 702 2247 dies
727 2186 894 2247 accuratius
921 2185 1065 2261 delinire,
1103 2204 1247 2249 annornm
1276 2184 1348 2251 xlv

126 2272 247 2334 nomine
273 2272 467 2333 denotaverit.
514 2270 556 2333 At
583 2270 749 2345 enimvero,
781 2270 898 2331 utalia
925 2275 1165 2351 praetereamus,
1201 2290 1279 2353 quae
1298 2272 1366 2341 vel'

126 2356 249 2418 minoris
270 2362 355 2430 sunt,
393 2354 442 2417 vel
462 2354 502 2416 de
522 2355 627 2435 quihus
660 2356 756 2415 serius
778 2354 898 2415 demum
919 2372 1011 2435 agere
1030 2354 1118 2417 iicet:
1147 2377 1237 2438 quem
1257 2356 1347 2420 Sclsr.

125 2441 193 2503 ioco
214 2440 320 2502 2οοι.
336 2441 387 2516 ll,
401 2440 442 2502 31
464 2472 507 2487 -
527 2439 580 2515 12,
592 2439 624 2501 2.
645 2458 767 2502 sensum
787 2439 901 2519 tribuit,
921 2440 948 2502 is
967 2438 1001 2503 iu
1020 2441 1121 2503 verbis
1142 2442 1245 2503 inesse
1265 2442 1348 2505 nullo
1413 2436 1419 2443 ’

126 2526 215 2589 modo
237 2532 345 2607 potest
388 2524 496 2607 Neque
517 2524 612 2602 enim,
634 2545 712 2606 quae
731 2546 779 2606 ap.
801 2525 841 2587 de
860 2525 975 2587 visione
994 2526 1104 2603 eadit,
1124 2526 1169 2589 ita
1188 2532 1259 2590 sunt
1279 2546 1348 2589 curn

127 2612 298 2673 narratione
320 2614 359 2673 de
379 2610 451 2691 tinga
472 2611 642 2687 coniuncta,
669 2616 704 2673 nt
723 2610 772 2673 vel
793 2611 921 2675 obscure
940 2610 1106 2687 iudicetur,
1127 2612 1348 2674 cohaerentiam

128 2696 276 2776 quandam
303 2696 382 2758 iuter
402 2703 559 2777 utramque
579 2715 645 2757 rem
664 2695 779 2772 iuissc;
815 2697 888 2772 sed,
924 2695 1083 2777 postqumu
1102 2696 1139 2759 Ρ.
1158 2696 1199 2757 de
1218 2698 1348 2759 macte

127 2781 245 2845 locutus
273 2786 321 2841 est
348 2786 473 2863 propter
500 2801 565 2844 rem
593 2780 790 2843 Christianam
817 2800 834 2843 a
861 2800 897 2843 se
924 2778 1057 2843 toleratis
1084 2778 1150 2863 (11,
1166 2778 1348 2864 23-33.),

128 2865 179 2927 isis
207 2884 274 2945 cap.
303 2864 353 2925 12.
385 2867 471 2927 lucto
491 2867 636 2947 quaedam
657 2868 800 2948 opponit,
831 2872 863 2927 et
884 2866 1005 2947 quidem
1027 2857 1190 2943 ὀπτασίας
1210 2875 1243 2929 et
1263 2856 1347 2931 ἀπο-

127 2940 298 3034 καλύψεις
319 2944 450 3035 κυρίου,
473 2970 549 3031 quae
569 2950 673 3012 itidem
693 2950 750 3031 sibi
771 2950 964 3031 contigerint3
985 2969 1059 3031 quas
1080 2970 1131 3013 res
1152 2970 1243 3033 quum
1263 2953 1347 3032 prius

127 3035 165 3097 iu'
179 3035 351 3097 universum
371 3043 633 3098 commemorasset
654 3031 773 3121 (v.1.),
793 3035 904 3098 deiude
924 3032 968 3119 (v.
986 3034 1007 3095 2
1021 3034 1101 3121 sqq.)
1115 3038 1245 3116 exempli
1259 3056 1348 3099 censa

129 3121 274 3183 visionem
302 3120 431 3199 aliquam
460 3122 585 3182 maxime
612 3122 759 3203 insignem
787 3121 954 3183 accuratius
981 3124 1112 3202 exponit
1162 3120 1271 3202 Neque
1296 3122 1349 3181 illa

128 3204 317 3267 iurisiurandi
335 3205 466 3266 formula
486 3225 540 3266 cur
561 3205 600 3266 sd
626 3208 825 3269 narrationem
851 3224 935 3282 eam,
978 3226 1105 3285 quacum
1136 3210 1349 3281 conuexaest,

130 3292 282 3371 pertinere
295 3309 354 3351 non
364 3292 474 3370 possit,
496 3290 635 3371 equidem
645 3291 750 3368 video;
772 3309 871 3353 noune
884 3292 965 3354 enlm
978 3290 1011 3351 Ρ.
1027 3310 1074 3365 ιο,
1098 3289 1194 3371 quod,
1214 3288 1349 3369 reliquis,

129 3394 208 3455 quae
234 3375 291 3435 sibi
309 3374 512 3451 accidissent,
543 3376 630 3439 mulis
663 3374 798 3438 breuiter
824 3379 1005 3438 enumeratis
1037 3372 1119 3457 (ll,
1147 3374 1192 3435 23
1205 3372 1348 3455 -tt.),

127 3477 221 3521 unum
248 3458 337 3534 iliud,
368 3460 408 3520 de
429 3479 489 3541 quo
509 3477 537 3521 ι.
556 3460 599 3520 32
613 3478 657 3539 sq.
679 3461 825 3542 loquitur,
846 3460 990 3541 plurilus
1018 3459 1178 3534 describit,
1212 3459 1292 3521 hauc
1312 3476 1348 3521 sc

130 3544 259 3607 omnium
279 3542 347 3603 iere
373 3543 577 3622 gravissimam
604 3544 718 3605 habere
745 3546 942 3607 calamitatem
961 3544 1097 3606 indicati
1137 3544 1195 3605 llis
1221 3542 1348 3619 accedit,

129 3625 228 3709 quod,
254 3628 281 3689 si
301 3626 411 3687 Paulus
431 3647 490 3689 nnn
511 3626 676 3707 eodemque
697 3649 773 3691 auno
793 3634 826 3691 et
845 3628 1066 3708 Hierosolymis
1086 3628 1200 3705 inisse,
1226 3635 1259 3691 et
1278 3630 1349 3690 tnnc

128 3713 282 3793 Ephesum
304 3713 398 3773 redux
419 3712 545 3793 primt'm
566 3712 605 3775 ad
626 3712 696 3775 Gor.
718 3713 875 3794 epistolam
896 3713 1028 3775 texuisse
1046 3715 1249 3789 existimatur,
1270 3714 1349 3777 eius-

128 3798 210 3861 modi
229 3798 365 3860 oriuutur
391 3796 601 3871 difficultates,
628 3817 706 3877 quae
726 3799 862 3879 expediri
881 3798 929 3859 vix
950 3818 986 3861 ao
1005 3815 1046 3860 ne
1066 3800 1114 3859 vix
1135 3798 1256 3880 quidem
1275 3816 1348 3881 pos·
1474 3807 1475 3810 ’

128 3884 197 3945 siut.
241 3882 316 3960 Quis
337 3882 417 3947 euim
437 3882 496 3945 sibi
516 3884 712 3963 persuadent,
744 3882 867 3945 Paulum
894 3882 1113 3965 Hierosolymis
1134 3884 1269 3945 ianuario
1290 3882 1349 3944 olr-

130 3968 205 4029 citer
231 3967 400 4049 proiectum
427 3968 544 4049 Ephesi
569 3969 698 4048 primum
723 3968 827 4030 literas
852 3968 936 4045 illis,
965 3988 1039 4049 quas
1066 3969 1195 4051 periisse
1223 3972 1348 4041 constat,

129 4053 169 4115 ud
190 4051 361 4115 Corinthios
382 4072 524 4114 exarasse
560 4051 598 4112 ci'.
620 4052 724 4115 ΙΟοι.
739 4052 770 4129 5,
784 4052 846 4132 9.),
877 4052 987 4115 ἀιίιιᾶο
1008 4052 1165 4134 epistolam
1195 4052 1349 4129 accepisse

130 4138 169 4200 alr
189 4136 238 4197 inis
257 4138 315 4198 sibi
336 4138 457 4197 missam
478 4132 519 4217 (1
581 4155 605 4196 r.
620 4135 652 4209 t,
666 4138 696 4197 1.
711 4136 788 4217 al),
808 4136 880 4195 iiiuc
898 4136 1001 4198 literas
1023 4137 1062 4197 sd
1082 4134 1204 4197 eosdem
1225 4134 1348 4197 dedisse

128 4242 199 4297 eas,
220 4240 294 4301 quas
314 4222 432 4302 priores
452 4238 609 4295 vocamus,
639 4239 675 4280 ac
695 4220 887 4281 nihilominus
907 4226 1021 4281 tanturn
1042 4220 1131 4279 etiam
1152 4225 1215 4280 tum
1240 4236 1348 4298 super·

128 4308 225 4371 inisse
252 4306 290 4367 ad
316 4310 512 4386 pentecosten
538 4304 641 4386 spatii,
676 4309 710 4365 ut
740 4322 866 4384 sperare
892 4310 1015 4384 posset,
1050 4302 1136 4380 iore,
1170 4308 1204 4367 ut
1229 4304 1346 4367 luteres

129 4393 255 4457 muitum
274 4391 435 4473 proliceret
454 4391 488 4455 iu
508 4390 642 4453 doctrina
662 4388 831 4453 christiana
850 4389 966 4469 Ephesi
986 4388 1204 4453 disseminanda
1221 4386 1256 4473 (1
1273 4386 1344 4450 Cor.

129 4478 183 4561 lo,
198 4475 273 4563 opt
575 4532 578 4537 .
1118 4555 1145 4618 F
