2978 5168
194 198 238 259 aa
562 149 565 159 ¹
616 185 703 259 car.
727 199 749 259 1.
779 174 848 260 ou
870 198 991 276 auno,
1073 224 1077 236 ·

193 368 364 429 t'crrienrlee'
384 369 421 428 ab
443 368 652 448 antiquissimis
682 367 751 430 iude
779 369 964 449 temporibus
977 366 1017 455 g)
1046 371 1171 430 maxime
1200 369 1340 431 itloneum
1360 371 1418 431 ha-

193 450 297 513 bitum'
310 472 379 513 esse
399 453 516 515 loannis
537 452 738 532 evangelium,
766 455 878 534 quippe
900 472 936 513 ex
957 472 1016 533 quo
1037 454 1144 519 videre
1162 456 1215 529 sit,
1237 461 1308 535 qtrot
1330 456 1418 516 lesus

192 536 351 618 paschata,
381 537 452 598 dum
473 537 613 612 docebat,
644 538 839 603 celebraverit
855 535 897 620 l).
939 539 1012 600 Tria
1039 541 1118 600 e'nim
1147 547 1419 614 commemorantur

193 641 365 702 azymorum
383 622 478 696 festa,
509 640 634 701 quornm
663 624 791 701 primum
817 622 900 684 lesus
921 623 1138 704 Hierosolymis
1157 619 1205 705 1'),
1235 623 1360 685 alterum
1382 625 1417 684 in

36 694 38 698 '
70 676 93 761 ι.
193 704 328 769 Galilaea
349 703 413 787 egit
432 702 479 786 l),
500 707 590 767 tertio
611 707 826 785 Hierosolymis
848 728 970 768 versans
992 710 1137 788 supplicio
1159 713 1206 768 est
1227 709 1351 768 affectus
1370 705 1416 792 l).

192 788 355 860 Praeterea
384 810 410 851 c.
431 789 463 864 5,
484 810 511 850 v.
535 791 563 850 1.
596 791 635 851 de
664 790 843 852 solennitate
873 795 997 873 quadam
1025 813 1123 855 sermo
1145 799 1207 869 est,
1238 792 1417 872 simpliciter

113 890 127 939 J
192 868 293 962 lopas}
331 876 397 939 τῶν
429 867 601 938 Ἰουδαίων
641 876 729 936 dicta.
820 896 886 937 nam
921 886 1025 957 quum'
1040 878 1091 939 alii
1117 898 1172 957 pro
1202 877 1260 937 alio
1286 879 1417 940 habeant

191 958 272 1021 festo
292 958 349 1045 m),
377 959 498 1040 plurimi
515 956 546 1042 n)
575 961 688 1039 pascha
715 961 939 1040 intelligendum
961 982 1030 1023 esse
1051 968 1192 1024 statuunt.
1236 961 1417 1040 inquorum

192 1048 368 1125 argumenta
399 1051 554 1123 antequam
587 1047 738 1123 inquirere
766 1045 856 1120 licet,
899 1047 937 1106 de
967 1066 1004 1106 eo
1027 1048 1186 1117 dicendum
1215 1054 1262 1107 est
1284 1047 1359 1120 loco,
1382 1048 1417 1107 in

174 1124 252 1209 ¹¹·t1uo
281 1149 383 1189 omnes
413 1149 515 1208 eorum
551 1129 756 1190 conclusiones
786 1132 932 1204 nituntur,
968 1131 1008 1191 lo.
1035 1134 1065 1205 4,
1095 1131 1145 1192 35.
1204 1131 1304 1203 Verba
1333 1133 1417 1192 enim

177 1213 284 1289 'haece
306 1205 592 1297 i'ucaeaoolynyvcig
624 1210 696 1277 ἐστι
718 1211 773 1277 καὶ
796 1208 814 1278 ὁ
837 1211 1005 1299 θερισμὸς
1026 1209 1174 1301 ἔρχεται,
1204 1236 1280 1295 quae
1310 1216 1354 1275 illi
1376 1205 1426 1275 co¹

184 1297 272 1359 'neta
292 1304 397 1378 putent
417 1305 562 1377 tempore,
584 1300 661 1378 quod
684 1306 807 1379 quatuor
826 1303 976 1378 mensibus
999 1321 1128 1361 messem
1150 1301 1354 1374 antecesserit,
1376 1301 1416 1360 ab

192 1381 260 1443 aliia
285 1383 433 1463 proverbii
455 1383 521 1442 loco
542 1391 683 1464 usurpata
704 1386 879 1459 creduntur,
901 1391 934 1444 ut
954 1386 1013 1446 hoc
1034 1387 1122 1447 modo
1143 1386 1316 1464 explicanda
1337 1387 1416 1446 sint:

193 1465 272 1528 iuter
300 1474 465 1528 sementem
494 1487 530 1528 ac
559 1488 688 1528 messem
721 1475 847 1550 quatuor
874 1486 993 1551 menses
1023 1471 1215 1553 interpositos
1246 1488 1332 1544 esse3
1365 1471 1417 1530 cui

194 1637 397 1656 ι-μι-ι-υ--ι-ι

259 1737 309 1804 lv,
332 1757 360 1808 p.
385 1736 464 1789 178⁸
485 1777 491 1789 .
574 1739 610 1808 g)
636 1738 744 1790 Etenim
767 1737 821 1789 iam
846 1740 1008 1791 irenaeus
1036 1739 1075 1804 (2,
1093 1737 1200 1805 3839.)
1218 1757 1252 1789 ex
1269 1737 1417 1791 hocevan-

278 1808 362 1871 elio,
380 1755 509 1875 quantita
534 1805 607 1857 lesus
631 1806 814 1876 praeceptoris
839 1824 949 1858 munere
975 1806 1081 1857 iunctus
1107 1809 1158 1869 sit,
1185 1824 1276 1856 eruere
1302 1804 1417 1858 studuit.

259 1826 290 1940 ἶ)
309 1876 435 1925 Ioannem
461 1875 626 1936 accuratius,
653 1892 734 1942 quana
757 1874 873 1942 reliquos
897 1874 1086 1942 evangelistas,
1112 1886 1265 1943 temporum
1290 1873 1434 1924 ordinem‘

259 1943 352 2011 sequi,
371 1959 386 1991 a
403 1940 495 1991 multis
516 1942 569 1990 iam
593 1951 633 1991 est
657 1940 877 1993 animadversum.
916 1942 1039 2011 Apparet
1057 1942 1108 1993 hoc
1126 1944 1224 2012 partim
1241 1960 1274 1992 ex
1291 1940 1416 1992 formulis

258 2005 328 2080 μετὰ
347 2013 437 2072 τοῦτο,
455 2002 524 2077 μετὰ
541 2011 642 2071 reiro,
660 2008 757 2076 quibus
775 2011 916 2059 transitum
934 2011 986 2061 sibi
1004 2028 1097 2080 parare
1115 2009 1199 2073 solet,
1218 2011 1315 2080 partim
1335 2027 1349 2059 e
1367 2007 1416 2058 di-

258 2078 335 2128 sertis
352 2086 505 2144 temporum
521 2093 579 2125 sese
596 2077 789 2156 excipientium
807 2078 1000 2142 notationibus,
1021 2088 1051 2127 ut
1068 2082 1100 2149 τῇ
1117 2071 1258 2150 ἐπαύριον,
1275 2080 1306 2146 τῇ
1324 2071 1417 2145 ἡμέρᾳ

259 2148 291 2214 τῇ
308 2145 384 2209 τρίτη
393 2180 411 2258 ‚l
425 2141 495 2259 parci
513 2139 564 2200 τὰς
581 2136 629 2194 titio
647 2145 764 2213 ημέρας,
789 2145 887 2213 partim
907 2143 1022 2214 denique
1041 2163 1075 2196 ex
1092 2144 1187 2197 ordine
1205 2160 1252 2225 eo,
1273 2161 1327 2210 quo
1345 2143 1416 2259 fesJa

259 2213 352 2359 {liii
362 2209 1414 2368 tatuit..&affilitaltlltsslti‘t,33:⁰55ss‘lilltl‘gllllitff

260 2345 512 2482 {insiliit
535 2351 808 2477 iililiaiialiaii,
824 2347 1238 2534 ltil.l'..⁰.‘..3¹¹f‚.ilal¹lu.l
1249 2347 1414 2464 {ialal

262 2481 439 2548 evangelistae
463 2481 605 2532 eonsilium
627 2481 716 2534 fuisse.
756 2482 905 2533 Dividenda
929 2486 999 2534 enim
1039 2482 1199 2533 andameuto
1225 2482 1413 2549 chronologico

261 2568 334 2611 usus,
353 2551 424 2598 varia
442 2551 582 2618 proposuit
599 2550 658 2600 lesu
676 2549 748 2601 dicta
765 2561 793 2601 et
810 2550 895 2614 faeta,
914 2569 990 2620 quae¹
1001 2549 1035 2601 ad
1049 2549 1258 2602 confirmandam
1276 2549 1416 2601 hominum

261 2616 296 2668 de
320 2617 410 2666 divina
434 2619 490 2668 eius
513 2617 649 2686 legatione
673 2619 873 2687 persuasionem
898 2618 988 2677 facere
1015 2618 1138 2670 credidit.
1213 2619 1238 2683 i)
1264 2619 1303 2666 lo.
1322 2620 1349 2680 2,
1369 2617 1411 2670 13.

260 2682 289 2750 l)
306 2687 344 2736 lo.
358 2683 384 2749 6,
397 2684 423 2737 4.
450 2687 521 2735 Iesus
534 2687 604 2736 enirn
617 2686 811 2755 Hierosolymis
828 2688 857 2736 in
875 2686 1023 2737 Galilaeant
1042 2685 1138 2748 redux,
1155 2685 1270 2736 instante
1287 2685 1415 2754 paschate

261 2754 382 2822 quinque
408 2752 547 2834 laominum
571 2753 658 2803 millia
682 2754 754 2804 cibat
781 2754 819 2822 (6,
840 2754 970 2818 1-13.),
998 2752 1043 2834 elie
1068 2754 1191 2822 sequenti
1216 2755 1362 2869 etiamnlpm
1380 2749 1414 2802 ad

259 2838 340 2939 'ilii
357 2819 498 2956 iiiiii?
511 2819 1190 2957 ltssatltglltiilaPlt'fflilffialffttlls
1206 2820 1302 2957 iiiii,
1315 2837 1414 2955 iiia?

259 2950 341 3007 πάτει
358 2952 373 3006 ὁ
388 2953 491 3021 Ἰησοῦς
508 2952 577 3025 μετὰ
601 2962 686 3008 ταῦτα
710 2957 787 3023 ἔν’τῆ
806 2959 935 3024 Γαλιλαίᾳ
959 2960 1011 3025 (lo.
1031 2959 1057 3023 7,
1078 2957 1125 3024 1.).
1163 2954 1289 3008 Ceterum
1306 2955 1413 3007 silentio

259 3041 314 3074 non
332 3033 372 3073 est
386 3024 622 3103 praetereundum,
640 3024 722 3075 verba
740 3043 762 3076 c.
774 3012 806 3089 ι6,
825 3045 848 3078 v.
866 3026 892 3080 4.
911 3037 1002 3076 contra
1021 3043 1127 3076 omnem
1144 3023 1278 3088 codicum,
1297 3035 1413 3093 patrum,

238 3144 240 3149 ,
259 3092 411 3143 versionum
424 3095 613 3143 auctoritatem
630 3093 674 3143 rel
688 3092 861 3162 interpolata,
879 3094 922 3144 rel
940 3095 1030 3163 spuria
1048 3093 1137 3143 habita
1157 3110 1213 3142 esse
1230 3110 1245 3141 a
1259 3093 1412 3155 Peareio,

261 3170 444 3229 commentary
464 3161 533 3210 with
557 3173 633 3211 notes
658 3179 693 3212 on
718 3163 764 3212 the
787 3159 848 3211 four
871 3160 1036 3229 Evangelists
1061 3160 1115 3210 and
1133 3161 1165 3211 oi
1179 3160 1224 3210 the
1243 3158 1307 3210 Acts
1325 3158 1356 3210 oi
1371 3159 1414 3208 the

259 3226 386 3296 Apostles
411 3226 513 3295 (Lond.
533 3228 612 3294 1777)
639 3227 673 3277 ad
696 3229 722 3280 h.
739 3229 758 3279 l.
785 3227 881 3280 Gerh.
908 3231 946 3280 lo.
969 3228 1112 3291 Vossio,
1140 3230 1170 3277 in
1193 3226 1256 3280 diss.
1282 3225 1413 3288 laudatis3

260 3294 411 3359 Mannio,
437 3307 496 3346 true
514 3314 593 3364 years
618 3295 649 3345 of
663 3296 734 3348 birth
752 3308 801 3354 etc.
818 3316 845 3367 p.
864 3297 922 3351 161.
955 3297 1167 3365 Priestleyio
1186 3295 1418 3346 observationson

260 3363 305 3415 the
323 3361 455 3431 harmony
479 3362 510 3413 of
524 3363 569 3414 the
591 3364 772 3432 Evangelista,
798 3383 826 3446 p.
852 3365 895 3416 43.
926 3365 1154 3428 Eichhornio,
1172 3363 1243 3415 Einl.
1261 3365 1310 3412 in’s
1327 3362 1359 3412 N.
1379 3363 1414 3412 T.

178 3458 183 3465 ·
217 3433 219 3438 '
261 3431 294 3493 ll,
320 3448 348 3499 p.
376 3433 432 3481 127.
460 3430 502 3481 ed.
522 3433 546 3483 1.
582 3429 624 3484 Cf.
643 3431 869 3484 Kuinoelrum
893 3432 928 3483 ad
945 3433 971 3485 h.
988 3433 1007 3484 l.
1027 3430 1118 3484 Causis
1136 3431 1284 3482 autemilli
1304 3427 1414 3479 adducti

260 3508 322 3547 sunt
338 3497 395 3560 his,
422 3497 497 3567 quod
521 3518 575 3550 non
599 3511 680 3566 esset,
708 3499 844 3570 quomodo
868 3519 926 3552 cum
945 3501 986 3551 his
1004 3496 1092 3551 verbis
1110 3500 1284 3551 conciliarent
1302 3515 1363 3547 suas
1381 3495 1415 3546 de

260 3565 327 3616 festo
345 3565 376 3626 5,
396 3568 420 3617 1.
440 3567 573 3636 appellato
590 3571 749 3631 sententias,
777 3579 804 3619 et
828 3568 900 3638 quod
917 3569 1015 3620 idonea
1033 3586 1088 3618 non
1106 3578 1247 3637 appareret
1263 3567 1348 3629 ratio,
1368 3582 1416 3615 cur

260 3629 421 3701 evangelista
438 3634 465 3685 h.
482 3635 501 3686 l.
523 3635 620 3705 pascha
645 3639 872 3704 commemorarit3
898 3656 970 3706 quae
992 3648 1144 3704 argumenta
1172 3653 1256 3705 quum
1280 3634 1414 3685 levissima

260 3703 322 3765 sint,
340 3700 424 3751 levius
443 3703 523 3752 etiam
541 3703 602 3767 hoc,
622 3704 696 3772 quod
713 3704 804 3755 abesse
821 3703 883 3756 illae
900 3723 978 3757 voces
996 3704 1098 3773 possint
1108 3703 1188 3754 salvo
1207 3721 1294 3753 rerum
1311 3712 1337 3752 et
1350 3718 1415 3749 sen-

260 3771 406 3818 tentiarum
423 3788 503 3821 nexu.
572 3771 680 3836 l)lolr.
699 3775 741 3838 ll,
760 3772 800 3825 55.
819 3772 852 3824 al.
921 3772 959 3839 m)
977 3773 1086 3822 Festum
1104 3772 1174 3822 enim
1210 3781 1347 3818 eutecostes
1370 3767 1416 3817 di-

262 3847 334 3887 ctum
357 3855 412 3887 esse
437 3828 565 3906 putarunt
590 3837 871 3908 Chrysostomus‚
910 3837 1080 3909 Cyrillus.
1109 3839 1165 3905 ,Th
1195 3837 1413 3907 oplrylactus,

261 3904 715 3973 Euthymius,lllaldonatus,
732 3908 790 3972 alii,
803 3906 905 3957 laudati
923 3926 939 3957 a
956 3907 1117 3974 Bengelio
1135 3903 1415 3974 (gnomoneadlr.l.),

262 3971 380 4023 eiusdem
398 3977 544 4024 sententiae
562 3972 718 4040 defensore,
742 3987 769 4027 et
792 3976 946 4044 Lampia,
973 3993 1067 4026 comm.
1092 3977 1120 4024 iu
1138 3977 1279 4036 Ioannem,
1298 3985 1362 4023 tom.
1382 3972 1416 4035 ll,

260 4057 290 4108 p.
309 4043 343 4103 3,
371 4040 468 4107 quibus
495 4041 633 4092 addendus
665 4043 882 4109 Greilingius
914 4043 991 4108 (Leb.
1016 4045 1075 4094 Iesu
1098 4063 1125 4112 p.
1150 4042 1199 4096 139
1217 4043 1286 4110 sq.)3
1317 4040 1416 4090 festum

260 4108 349 4158 Parim
379 4109 567 4179 Keplerus,
600 4112 760 4161 Petavius
793 4110 828 4159 ad
852 4097 1035 4177 Epi'hauium
1066 4131 1094 4180 p.
1118 4113 1184 4174 206,
1219 4107 1416 4160 Bernardus

260 4177 412 4236 Lamius,
437 4177 692 4241 d’Outreinius,
718 4177 822 4228 laudati
840 4196 854 4227 a
872 4131 1019 4242 Villoltio,
1040 4197 1094 4229 cur.
1114 4178 1148 4230 ad
1165 4178 1192 4230 h.
1211 4177 1231 4227 l.
1250 4176 1347 4244 quibus
1365 4195 1415 4226 ae-

236 4244 368 4306 ·cedunt‚
390 4263 455 4314 quos
472 4246 547 4295 Lam
582 4249 632 4296 ius
666 4246 792 4297 citavit'l.
812 4245 845 4314 l.3
864 4258 1002 4315 praeterea
1019 4247 1149 4314 Hugins
1168 4246 1239 4295 Einl.
1258 4246 1289 4309 ll,
1308 4265 1334 4315 p.
1352 4243 1415 4301 229.

261 4312 410 4364 Liickins
435 4325 461 4364 et
485 4266 698 4364 Tholuckius
725 4317 752 4364 in
777 4332 872 4365 comm.
896 4314 974 4365 adh.
1000 4314 1034 4382 l.3
1062 4333 1111 4365 nec
1129 4313 1287 4376 defuerunt,
1315 4312 1360 4379 qni
1380 4310 1415 4363 tle

261 4381 485 4431 tabnnarulorum
509 4382 738 4449 encoeniorumque
768 4381 842 4432 festis
868 4384 1031 4449 cogitarent,
1058 4381 1273 4433 cffKuinoel.
1298 4379 1376 4430 adh.
1395 4379 1416 4431 l.

261 4449 292 4514 n)
319 4450 492 4512 Irenaeo,
518 4452 551 4511 2,
578 4446 619 4500 38.
645 4450 762 4500 chron.
786 4448 890 4504 Alex.
915 4470 942 4518 p.
956 4450 1020 4502 616.
1046 4448 1089 4502 etl·
1107 4449 1205 4501 Raderi
1225 4446 1298 4500 1624.
1326 4446 1416 4497 Sea-

261 4517 287 4566 n
319 4504 376 4567 eto
404 4516 507 4568 amana.
529 4527 549 4567 ι.
573 4516 627 4582 vr,
653 4537 679 4587 p.
698 4516 756 4568 257.
790 4516 973 4568 Macharta
999 4517 1182 4582 aa10.5,1.
1210 4514 1409 4567 sosarnus>

260 4535 315 4635 ll.
341 4587 368 4650 Ι,
394 4605 422 4654 p.
443 4585 601 4639 185-194.
637 4584 803 4648 Storrio,
830 4587 931 4637 Zweck
956 4587 1012 4637 loh.
1041 4585 1082 4636 ed.
1102 4589 1131 4651 2,
1155 4606 1181 4656 p.
1200 4584 1258 4636 314.
1286 4583 1414 4648 Paulo,

262 4671 358 4704 comm.
376 4654 396 4711 l,
415 4673 442 4722 p.
461 4651 618 4704 908-911.
635 4653 756 4715 Hesio,
774 4653 838 4706 Leb.
848 4655 906 4705 Iesu
926 4651 1011 4718 lli,
1032 4651 1075 4704 eff.
1095 4656 1290 4714 inuniversum
1310 4653 1415 4700 Lour-

290 4722 364 4786 ius,
389 4722 517 4772 Rusius
566 4719 773 4773 Koecherus
816 4721 996 4787 Wolsius,
1023 4722 1251 4773 Kuinoelius
1278 4719 1312 4771 ad
1359 4757 1365 4769 .
1395 4719 1415 4771 l.

261 4739 280 4790 P
527 4760 536 4790 r
782 4759 790 4789 r
1338 4718 1356 4768 h
