2956 5168
113 192 118 206 '
161 202 271 302 onas
291 200 382 284 scr.
405 218 514 282 carr.
537 216 780 284 xv-xxvm.
805 217 1108 285 cenomanum.
1130 225 1166 286 a.
1209 225 1272 292 roa

57 395 223 458 discessum
253 391 346 452 finem
368 391 458 471 cepit.
501 389 569 450 'lam
586 407 658 450 vero
678 386 813 466 ultimas,
842 411 930 471 quem
952 392 1078 473 aphau
1100 394 1272 458 incivitate

57 479 195 559 degebat,
217 475 282 537 dies
302 467 324 559 ἡ
346 470 408 555 μία
429 473 494 537 τῶν
516 467 707 556 σαββάτων,
742 477 762 534 i.
785 495 813 536 e.
840 477 953 556 primus
982 477 1175 540 hebdomadis
1205 480 1271 540 dies
1330 542 1332 547 ,

56 559 174 645 eratt);
189 562 289 640 itaque
303 580 416 640 azyma,
424 561 481 620 nisi
488 559 522 619 P.
529 579 588 620 uno
601 560 775 620 demnmvel
788 560 882 620 altero
894 567 963 640 post
977 557 1090 622 exitum
1102 564 1188 624 huius
1199 563 1272 627 festi

55 649 106 709 die
128 646 332 728 praeterlapso
346 645 490 725 Philippis
511 645 661 725 digressus
676 651 740 719 est,
765 643 877 704 Martis
892 645 940 705 die
958 646 995 706 ad
1018 647 1108 708 tinem
1129 649 1272 728 perducta

54 737 134 794 aunt
178 730 240 791 Sed
262 749 331 790 num
352 749 423 790 vere
444 748 495 789 res
515 730 557 790 ita
578 748 612 788 se
634 729 787 803 habuerit,
809 732 972 791 accuratius
995 737 1043 791 est
1062 732 1271 812 indagandum.

56 815 219 897 Apostolus
233 816 302 890 iter,
311 814 350 875 de
364 815 561 893 qno‘agimns,
579 813 881 892 Hierosolymitannm
894 816 977 875 inter
994 816 1126 876 solennia
1147 819 1272 896 pascha·

55 903 96 962 tis
113 900 145 962 e't
165 904 356 980 pentecostes
377 898 515 979 perfecit
564 897 765 959 Pentecosten·
785 899 834 958 die
856 900 1099 978 quinquagesimo
1120 902 1157 961 ab
1178 902 1273 963 altero

56 1003 228 1065 azymorum
260 985 309 1044 die
345 981 423 1066 (hoc
456 984 522 1063 ipso
558 983 608 1044 die
635 983 799 1044 rationibus
827 982 932 1067 illato)
967 984 1026 1064 agi
1049 985 1167 1047 solitam
1192 1006 1272 1060 ease,

56 1088 149 1149 supro
170 1065 214 1152 (p.
234 1060 301 1149 bd.)
322 1068 492 1142 didicimus;
515 1087 552 1128 ex
574 1087 632 1147 quo
654 1068 768 1127 dieram
789 1086 914 1128 numero
935 1088 992 1128 sec
1013 1074 1107 1142 certe,
1129 1090 1218 1150 quum
1238 1071 1270 1131 P.

56 1155 118 1216 iter
136 1155 235 1228 iniret,
256 1153 453 1233 praeterlapsi
474 1159 576 1227 erant;
605 1158 722 1232 septem
744 1154 820 1212 enim
842 1153 948 1213 diebus
971 1172 1141 1231 azymorum
1162 1156 1273 1216 festum

56 1239 274 1301 absolvebatur.
318 1238 483 1309 interiectis
505 1237 615 1297 deinde
637 1238 743 1297 diebus
758 1236 809 1311 12,
831 1238 892 1317 qni,
914 1245 947 1297 nt
968 1238 1056 1298 modo
1078 1239 1214 1314 vidimus,
1236 1242 1273 1301 ab

56 1324 172 1384 itineris
193 1323 352 1403 principio,
374 1322 468 1382 donec
489 1321 521 1380 P.
544 1321 664 1382 Troade
686 1321 872 1395 discederet,
894 1322 1096 1396 effluxerunt,
1112 1324 1274 1403 apostolus,

57 1408 162 1486 etqui
183 1427 250 1469 oum
272 1426 309 1466 eo
331 1412 431 1480 erant,
459 1407 537 1466 intra
560 1414 694 1486 quotuor
715 1407 781 1466 dies
801 1402 831 1487 *)
860 1405 997 1466 Miletum
1026 1416 1170 1469 venerunt
1191 1405 1274 1492 (Act.

57 1491 110 1567 211,
134 1487 312 1569 13-15.);
348 1489 471 1563 Mileto,
508 1510 594 1568 qnam
623 1491 721 1550 medio
752 1491 801 1549 die
827 1489 910 1550 adire
930 1498 1075 1571 poterant
1091 1488 1163 1575 (non
1186 1495 1275 1575 longo

58 1577 179 1636 Samu-
208 1575 262 1653 [of.
284 1593 311 1633 v.
333 1574 396 1654 lu]
425 1576 503 1634 inter
529 1581 561 1635 et
589 1576 666 1635 hanc
692 1575 796 1635 urbem
824 1571 1012 1658 intervallo),
1047 1574 1078 1635 P.
1106 1579 1202 1653 misit,
1224 1579 1275 1659 qni

58 1661 207 1721 ecclesiae
228 1658 401 1739 Ephesinae
421 1660 615 1739 presbyteros
645 1659 684 1719 ad
716 1679 750 1719 se
771 1666 961 1720 arcesserent
996 1680 1023 1719 v.
1039 1657 1113 1742 lt).
1134 1663 1275 1743 Ephesus

57 1743 167 1805 Mileto
187 1763 291 1804 norem
312 1742 379 1820 fere
401 1744 573 1804 milliaribus
599 1744 807 1824 geographicis
835 1743 990 1805 distabatv
1016 1765 1027 1818 ς
1058 1747 1158 1806 nuncii
1184 1748 1276 1826 igitur
1341 1810 1346 1825 ,

58 1833 129 1890 aute
149 1828 229 1888 diem
249 1829 392 1904 alterum,
421 1847 509 1908 qnam
523 1827 568 1888 Ῥ.
588 1828 729 1889 Miletum
751 1828 929 1909 appulerat,
945 1830 1097 1910 Ephesum
1119 1833 1277 1910 pervenire

58 1932 118 1974 non
146 1918 301 1993 poterant3
330 1914 400 1973 hinc
428 1913 454 1971 si
486 1914 656 1974 convocatis
683 1913 868 1992 presbyteris
881 1910 966 1996 post
992 1933 1100 1994 paucas
1130 1915 1219 1976 horas
1247 1917 1276 1975 in

58 1999 135 2057 viam
157 2017 191 2058 se
213 1998 369 2072 dedemnt,
391 1998 441 2057 die
462 1999 599 2077 sequenti
619 1997 758 2058 Miletum
780 1997 881 2058 redire
901 2004 1079 2078 potuerunt3
1102 1999 1179 2059 unde
1200 2000 1276 2060 Pan-

58 2081 121 2143 lnm
140 2102 208 2157 cnm
229 2083 290 2144 suis
313 2087 434 2162 praeter
460 2082 611 2143 residuam
633 2084 697 2143 eius
719 2083 794 2156 diei,
816 2102 876 2161 qno
897 2082 1035 2145 Miletum
1057 2084 1187 2161 adierat,
1208 2105 1277 2165 par-

59 2174 204 2248 temper
232 2165 354 2229 Meum
381 2172 464 2229 certe
490 2167 547 2229 hac
573 2168 605 2228 in
633 2167 709 2229 urbe
737 2167 882 2230 mansisse
901 2174 994 2249 patet.
1044 2168 1151 2231 Mileto
1172 2171 1289 2232 relicta·
1355 2216 1362 2224 ,

117 2449 221 2538 obst.
233 2457 276 2534 29,
292 2430 465 2537 stult-‘d
481 2456 545 2522 μιᾷ
563 2457 638 2539 τ’ῶζ
662 2451 869 2522 σαββάτων,
887 2455 1068 2540 συνηγμένωμ
1083 2421 1280 2538 sparsisset

128 2536 222 2590 apros,
241 2539 256 2574 o
274 2522 387 2579 Henioc
403 2520 539 2602 διελέγξω
558 2539 667 2590 αυτοις,
689 2524 827 2594 μέλλων
848 2521 995 2582 ἐξιέναι
1022 2542 1058 2596 ap
1087 2524 1278 2591 ἐπαυριον.

78 2621 80 2625 -
127 2589 169 2639 Aa
195 2607 286 2641 revera
310 2589 462 2659 apostolum
488 2587 533 2640 dre
549 2591 675 2658 proximo
693 2591 804 2655 abiisse,
832 2609 888 2644 er.
907 2595 948 2644 11.
974 2603 1094 2661 apparet.
1135 2590 1281 2661 Oppouera

128 2666 218 2707 autem
241 2656 318 2707 nobis
339 2658 439 2726 possis,
471 2676 553 2726 quum
579 2675 624 2722 aa,
648 2677 716 2727 quae
733 2658 795 2710 Act.
814 2663 856 2722 20,
872 2665 966 2728 'lsqap
980 2671 1138 2724 narremur,
1156 2678 1280 2727 magnam

128 2735 232 2792 partem
251 2735 333 2774 noctu
351 2735 430 2792 gesta·
441 2726 503 2788 sint,
520 2726 623 2776 Lucam
638 2725 771 2789 famame,
788 2725 946 2778 Iudaeorum
965 2727 1184 2778 consuetudinem
1201 2745 1281 2778 secu-

127 2803 197 2854 tum,
213 2791 318 2844 verbis:
344 2796 374 2862 τῇ
391 2796 443 2861 μιᾷ
460 2794 517 2845 τῶν
532 2799 613 2860 corifi.
630 2811 686 2844 nou
711 2794 774 2844 solis
799 2793 882 2858 diam,
899 2793 948 2846 aed
964 2795 1191 2864 vesperamnbunc
1208 2793 1281 2846 diem

35 2909 39 2915 ,
128 2869 306 2926 antegressum
325 2858 503 2927 significasse,
533 2879 586 2929 qua
608 2879 642 2912 ax
658 2861 767 2913 illorum
784 2861 957 2931 computandi
973 2864 1078 2913 ratione
1095 2865 1196 2932 primus
1211 2862 1282 2915 heb-

128 2924 251 2979 domadis
268 2925 325 2978 dies
342 2929 447 2979 initium
464 2931 574 2998 ceperit.
607 2927 646 2978 At
663 2932 750 2979 minas
766 2941 855 2981 tamen
872 2940 945 2982 recta
962 2930 1028 2981 baec
1047 2931 1196 2988 obieceris„
1212 2931 1280 2982 Nam
1313 2932 1321 2951 '

127 2993 214 3045 Lucas
232 3011 263 3046 ea
280 2993 325 3051 die
336 2991 502 3047 Christianos
512 2994 621 3047 Troade
638 2997 788 3048 habitantes
804 3009 832 3048 et
848 2997 962 3049 Paulum
979 3015 1045 3050 cum,
1056 3000 1116 3049 auis.
1127 3001 1282 3053 convenisse

85 3104 88 3115 ,
127 3061 212 3117 tradit
237 3060 272 3113 ad
296 3079 406 3113 coenam
428 3081 528 3115 sacram
556 3060 761 3132 celebrandam
789 3083 868 3133 quem
892 3063 1000 3134 quidem
1022 3067 1104 3116 ritum
1126 3068 1177 3117 ista
1194 3077 1288 3135 aetate

95 3188 98 3193 ⁴
129 3147 191 3181 cum
208 3128 294 3200 epulis
310 3132 432 3181 iunctum
449 3130 530 3185 foisse
549 3143 652 3183 constat
680 3133 708 3196 (1
721 3135 780 3185 Gor.
797 3138 839 3197 11,
860 3137 893 3184 18
903 3133 989 3203 sqq.).
1023 3135 1077 3193 lem
1100 3133 1281 3198 concludam,

129 3207 210 3268 etque
233 3199 254 3249 ii
260 3235 268 3262 ,
288 3199 334 3267 qui
353 3216 369 3249 a
387 3199 468 3251 sacris
485 3198 601 3250 Iudaicis
621 3199 656 3251 ad
674 3198 810 3261 Christum
825 3199 968 3252 colendum
984 3203 1067 3251 itasa
1085 3211 1281 3265 converterant,

101 3327 104 3331 Ι
128 3276 160 3319 ut
174 3265 290 3334 priscum
308 3284 427 3332 morem,
446 3280 574 3336 quantum
590 3265 649 3318 lieri
666 3280 771 3337 posset,
784 3269 931 3321 retinerent
955 3269 1083 3336 (quorum
1106 3267 1175 3322 bana
1202 3267 1283 3323 multi

75 3389 77 3393 ¹
130 3342 207 3382 erant
224 3334 253 3382 in
265 3335 337 3389 omni
348 3331 560 3387 Christianorum
572 3347 659 3401 coetu,
679 3347 706 3388 et
729 3336 764 3386 ad
782 3353 848 3405 quos
866 3335 965 3397 Paulus
981 3339 1010 3387 in
1026 3336 1069 3405 iis,
1087 3353 1156 3404 quae
1174 3354 1235 3387 cunt
1253 3353 1282 3388 re

130 3396 278 3458 Christiana
294 3412 364 3453 stare
381 3414 514 3472 poterant,
531 3401 648 3454 libenter
664 3421 691 3455 se
709 3394 938 3468 accommodabat,
957 3402 1122 3470 etpentiles,
1140 3414 1171 3455 ut
1187 3415 1216 3456 et
1226 3405 1283 3474 ipsi
1387 3442 1390 3447 -

127 3484 158 3517 ae
170 3466 410 3534 accommodarent,
435 3471 573 3527 monebat)
590 3471 619 3520 hi
629 3508 637 3535 ,
652 3473 780 3540 inquam,
801 3471 920 3523 sabbatis
941 3473 989 3525 ter'
1006 3470 1199 3539 epulabantur:
1221 3474 1283 3540 pri-

127 3552 220 3597 mum,
244 3533 439 3603 featolineunts
464 3537 496 3603 (i.
518 3555 545 3590 e.
567 3537 681 3591 Veneria
708 3540 753 3591 dia
769 3550 831 3608 post
853 3539 917 3590 solis
934 3538 1088 3606 occasum),
1105 3539 1175 3599 ‚hino
1191 3557 1283 3605 mane,

89 3658 108 3674 „
129 3616 247 3687 denique
258 3629 327 3671 enta
343 3619 448 3672 sabbati
464 3617 562 3684 finem3
581 3640 633 3690 qua
651 3621 685 3674 de
701 3642 730 3675 re
749 3621 782 3674 cf.
800 3623 907 3695 misna
923 3633 1003 3679 tract.
1020 3622 1105 3684 mhi,
1127 3628 1170 3690 16,
1187 3628 1215 3678 9.·
1238 3623 1284 3677 cll

128 3713 205 3753 tract.
231 3701 300 3754 hate
319 3708 346 3760 8,
364 3709 390 3756 ἵ.
425 3704 557 3774 (Reliquis
581 3704 675 3756 diebus
700 3716 789 3757 utrum
816 3715 879 3756 ante
904 3705 967 3758 solis
995 3718 1118 3759 occanum¹
1140 3716 1285 3778 empostae

104 3782 108 3805 ·'
129 3787 242 3822 coenare
260 3769 458 3835 sonuissent,
478 3775 654 3841 ignoramus.)
689 3771 764 3840 Quae
783 3792 866 3842 quum
882 3775 921 3825 ita
938 3774 1008 3826 sint:
1027 3776 1055 3826 s'i·
1067 3782 1159 3840 sabia,
1179 3775 1213 3826 de
1231 3794 1285 3845 qua

111 3858 115 3875 ι
128 3838 215 3889 Lucas
234 3838 315 3891 rerba
332 3837 414 3904 iacit,
428 3843 600 3910 congregatio
615 3856 726 3912 vespera
743 3841 805 3894 solis
817 3841 890 3894 diem
908 3841 1083 3895 antecedente
1103 3843 1195 3893 habita
1207 3855 1285 3908 esset,

101 3931 105 3941 ·
129 3905 242 3958 sabbato
259 3905 580 3980 nondum'praeterlapso
598 3921 760 3963 contentum
778 3920 864 3974 esset,
889 3928 924 3962 ne
944 3929 978 3962 ue
1005 3922 1101 3964 auctor
1123 3922 1217 3961 noster·
1236 3909 1285 3978 τὴν

129 3976 199 4043 μίαν
215 3968 369 4043 σαββάτων,
384 3975 431 4039 sed
452 3973 591 4045 σάββατον
610 3977 733 4031 dixisset.
800 3979 827 4045 *)
845 3930 985 4048 Siquidem
1003 3977 1113 4032 Troade
1131 3978 1286 4047 Mitylenen

130 4058 184 4092 uno
212 4041 258 4095 die
300 4043 397 4098 relecti
418 4057 499 4112 aunt,
537 4046 567 4096 id
592 4046 666 4116 quod
695 4045 943 4099 Bertholdtina
968 4047 1114 4114 (tevi,
1160 4047 1286 4113 seete)
1331 4079 1334 4084 ·

131 4120 221 4175 negat,
248 4062 300 4180 qud,
316 4128 351 4180 pe
377 4114 424 4181 qui
441 4130 486 4164 eos
504 4113 548 4163 die
566 4117 653 4182 primo
675 4114 769 4164 Assum
788 4114 861 4179 (Act.
879 4119 921 4179 2⁰,
940 4113 1011 4178 lu),
1031 4113 1115 4164 altero
1133 4064 1286 4187 iglitylenen

85 4204 100 4217 ··
133 4177 243 4242 (tr-14.)
267 4196 282 4228 a
307 4180 365 4229 'iaae
381 4188 500 4239 {statuat
544 4179 600 4230 Sed
624 4179 759 4230 Troadem
776 4181 847 4230 inter
864 4193 890 4232 et
913 4185 1010 4233 Assum
1027 4191 1083 4228 tam
1100 4196 1212 4248 parrum
1228 4191 1287 4232 arat

130 4243 317 4310 intervallum,
336 4245 430 4312 utyal
446 4246 553 4311 Paulus,
572 4249 618 4316 qui
635 4248 731 4298 itinere
748 4249 866 4299 terrestri
884 4265 916 4300 eo
933 4245 1064 4298 tendehat
1080 4247 1119 4314 (v.
1138 4244 1212 4312 13.),·
1222 4260 1292 4321 poat'

129 4328 232 4428 paucas
248 4313 325 4365 horas
342 4312 395 4365 hcc
411 4313 542 4385 oppidum
560 4317 664 4383 assequi
680 4325 778 4384 posset.
811 4313 935 4380 Accedit,
954 4312 1028 4383 quod
1044 4315 1141 4381 Lucas,
1160 4317 1210 4369 atsi
1226 4327 1285 4370 toto

87 4390 101 4409 '-
151 4378 197 4431 .-l.
214 4381 244 4428 ia
260 4378 355 4433 diebus
380 4382 492 4450 singulis
509 4381 746 4434 commemorandis
764 4383 958 4434 accuratissime
974 4380 1095 4434 venatui
1116 4381 1206 4450 (cl-r.
1224 4389 1286 4440 lus

95 4474 101 4487 ι
129 4441 399 4564 admodumhinc:
418 4454 448 4521 τῇ
467 4449 555 4521 ἑτέρᾳ,
571 4449 651 4507 inde:
670 4454 701 4524 τῇ
718 4449 862 4522 ἔχομένῃ),
879 4463 979 4518 mmet,
996 4449 1049 4502 ubi·
1062 4451 1286 4505 deitiuereAsso
1365 4495 1369 4506 .

166 4513 287 4584 ‘tylenen
304 4514 377 4568 iacto
392 4517 531 4588 loquitur,
557 4520 631 4570 omni
653 4521 779 4590 temporis
803 4520 942 4571 notatione
960 4520 1070 4584 omissa,
1094 4528 1151 4572 tum
1168 4519 1286 4587 demum,

171 4600 216 4632 um
233 4583 263 4637 P.
280 4583 432 4654 Mitylenen
448 4585 588 4656 reliquisse
606 4585 682 4651 dicit,
707 4589 746 4659 τῇ
771 4583 950 4660 ἐπιούσῃ,
978 4585 1063 4654 addit,
1081 4580 1289 4657 κατηνιήσαμεν

131 4599 247 4723 Ἑωκρῦ
262 4651 485 4723 chvdss-lb.)
553 4653 582 4722 υ)
600 4650 643 4708 Gi.
669 4653 948 4710 Bertbcldtius'
973 4653 1007 4724 (l.
1032 4671 1058 4710 c.
1075 4655 1287 4725 Upim).
