2978 5168
127 242 193 305 141
395 241 481 335 CAP-
494 241 547 306 tv.
575 242 631 304 ltu
650 236 914 303 TEMPORIBUS
935 238 1084 307 RERUM

215 411 277 473 Sed
300 413 370 474 licet
390 413 466 473 baec
486 413 585 473 omnia
598 432 637 473 eo
656 410 784 486 valeant,
805 418 848 483 nt,
866 412 894 472 si
914 411 994 492 quod
1006 409 1117 477 Paulus
1137 410 1198 473 nto
1211 409 1286 471 loeo
1295 410 1353 473 iter

130 498 241 573 retulit,
263 498 341 578 quod
363 518 381 557 a
401 496 482 557 Luca
502 498 663 559 memoriae
685 498 834 576 proditum
856 502 921 571 est,
941 514 1032 557 unum
1051 495 1125 555 illud
1144 494 1289 557 retulisse
1306 494 1353 557 di·

131 583 244 645 oendus
266 587 316 656 sit,
337 584 415 660 qnod
438 584 503 643 Act
526 601 551 642 c
567 582 618 641 lb.
641 583 814 661 exponitur:
836 589 946 656 temen,
968 581 1036 660 qnia
1055 582 1086 641 in
1106 581 1242 660 egregio,
1263 600 1352 659 que·

131 688 222 747 supra
244 668 467 740 declaravimus,
489 668 646 745 utriusque
666 667 843 728 narrationis
864 684 1013 726 consensu
1034 665 1176 726 nonmdla
1197 666 1352 727 inveniun-

131 760 191 826 tur,
211 754 244 813 iu
266 751 371 831 quibus
400 752 495 812 altera
522 753 620 811 minus
649 770 816 829 congruere
843 771 909 811 eum
939 751 1033 811 altera
1061 750 1195 824 ridetur,
1223 749 1352 813 dubitari

131 847 230 918 quest,
251 857 289 896 an
310 839 424 895 maiore
446 857 513 897 cum
528 838 595 897 iore
608 836 687 896 uliud
701 836 859 914 quoddam,
881 836 959 915 quod
975 835 1074 896 Lucas
1092 836 1214 897 silentio
1227 835 1353 897 transtu»

131 924 183 995 rit,
203 922 264 983 iter
285 920 476 999 intelligatur.
519 920 631 983 Verum
652 929 861 1001 praeterquam
883 921 962 999 quod
984 920 1129 981 eiusmodi
1151 920 1354 981 rontaotnrrn

130 1009 296 1087 invsumma
318 1006 436 1065 demum
459 1007 641 1067 necestitate
661 1005 818 1066 admittere
832 1007 918 1065 licet:
941 1012 1022 1077 sunt,
1043 1005 1150 1085 quibus
1163 1004 1354 1087 edoceamur,

130 1092 214 1165 illud,
235 1092 275 1151 de
296 1111 354 1170 quo
377 1091 530 1169 apostolus
545 1092 684 1170 loquitur,
699 1093 766 1163 iter,
787 1090 1035 1170 quemadmodum
1049 1108 1111 1149 uon
1125 1090 1229 1151 serius
1242 1090 1352 1150 factum

132 1182 181 1239 est
195 1185 301 1237 setoso
313 1176 386 1235 Act.
400 1196 426 1235 o.
439 1176 490 1237 15.
506 1175 662 1255 descripta
674 1171 717 1256 (v.
731 1196 763 1255 p.
775 1173 919 1256 tiraq),
938 1176 979 1235 ita
993 1194 1051 1235 neo
1060 1175 1149 1255 prius
1163 1194 1237 1235 esse
1252 1193 1352 1235 amoe-

130 1269 226 1340 ptum.
249 1260 368 1321 Etenim
383 1263 409 1319 sl
431 1262 558 1340 apostoli
578 1262 636 1321 iarn
657 1268 756 1333 arttoa,
777 1261 869 1320 Paulo
883 1260 938 1319 sub
953 1261 1085 1339 ipsomm
1100 1260 1196 1320 oculis
1210 1260 1351 1321 Eltltnieo·

132 1344 367 1406 Christianorum
381 1345 549 1405 libertatem
572 1346 679 1424 alege
695 1342 827 1405 Moesica
849 1344 1031 1417 desendente
1044 1341 1090 1429 i),
1112 1364 1147 1404 se
1168 1364 1270 1425 nequo
1288 1344 1351 1417 bac,

132 1448 232 1509 neque
247 1430 304 1490 alia
318 1430 347 1487 in
362 1448 398 1489 re
411 1432 447 1489 ab
463 1449 500 1490 eo
516 1432 675 1491 dissentire
690 1439 721 1490 et
736 1431 834 1490 verbis
850 1437 881 1490 et
895 1429 984 1491 lactis
999 1431 1258 1491 demonstrassent
1267 1426 1348 1511 (cst

131 1514 244 1589 Uti
260 1508 405 1597 sqq.)l)a
427 1516 512 1595 quid,
544 1535 676 1595 quaeso,
698 1515 751 1575 lite
771 1516 869 1575 serius
891 1515 931 1574 de
952 1515 1056 1574 eadem
1079 1515 1258 1593 quaestione
1279 1518 1353 1577 tuter

131 1600 335 1682 Antioobeqos
358 1608 435 1661 mota
451 1599 532 1681 (dot.
549 1601 599 1669 tt,
616 1597 724 1680 leq),
744 1602 838 1679 magis
853 1609 900 1659 est
916 1599 1101 1674 incredibile,
1122 1619 1211 1678 quam
1232 1600 1304 1674 ltus,
1323 1604 1352 1661 ul

132 1696 363 1763 cognoscerent,
395 1687 465 1764 quid
486 1686 612 1764 apostoli
635 1705 669 1744 eo
692 1686 731 1744 de
753 1706 787 1745 re
808 1688 968 1757 sentirent,
990 1683 1110 1745 Paulum
1130 1704 1201 1745 cum
1221 1686 1352 1747 Bnmabs

133 1768 262 1847 aliisque
283 1770 493 1850 Hierosolyma
514 1770 655 1830 misisset
676 1770 752 1830 Nam
767 1770 826 1830 etsi
841 1789 898 1829 non
920 1770 1014 1849 prius,
1035 1770 1187 1848 quomodo
1208 1770 1263 1831 illo
1283 1780 1350 1833 tem·

132 1874 208 1933 pore
230 1856 267 1914 ab
288 1857 431 1935 apostolis
453 1862 595 1915 statutum
617 1855 729 1927 inerit,
758 1856 961 1933 accepissent3
992 1855 1059 1914 sine
1091 1856 1149 1915 ulla
1171 1856 1351 1917 dubitatione

130 1944 195 1999 tum
228 1950 327 2014 certe,
356 1961 446 2019 quum
475 1940 626 2000 contentio
654 1940 711 2001 ista
740 1940 917 2002 Antiochiae
949 1946 1015 2001 orta
1042 1947 1140 2015 esset,
1169 1938 1306 2002 al’aulo
1325 1948 1353 2001 at

133 2022 271 2083 Bernaba
292 2026 478 2085 didicissent
1314 2044 1320 2053 ·

218 2106 281 2168 Rea
304 2129 392 2188 quum
414 2110 456 2169 ita
477 2128 513 2168 se
533 2108 678 2183 babeant,
698 2127 773 2168 nore
799 2128 1031 2187 possumus,
1063 2110 1155 2190 quin
1183 2110 1353 2173 secundo

132 2193 335 2272 epistolae
363 2193 412 2253 od
440 2192 522 2253 Gal,
554 2194 684 2274 capite
719 2192 835 2253 aliud
866 2213 979 2274 quant
1006 2195 1093 2255 Act.
1123 2197 1262 2276 cupite
1287 2194 1352 2261 XV·

132 2279 217 2338 iter
248 2276 371 2339 Pauli
396 2277 812 2359 Hierosolymitarrum
839 2279 981 2341 literis
1005 2279 1237 2345 mandatum
1265 2302 1353 2345 aare

132 2360 367 2448 negamuol).
427 2372 431 2377 ’

135 2554 150 2561 ·-
165 2557 246 2567 εαυ--.
272 2561 276 2566 .
297 2561 333 2569 -η

222 2652 277 2705 nod
295 2655 357 2708 Act.
376 2672 401 2706 c.
420 2657 462 2707 11.
480 2664 612 2719 narretur,
630 2653 707 2725 loqui
724 2655 829 2720 itinere,
850 2652 1031 2708 demonstrare
1048 2654 1210 2707 studuerunt
1233 2655 1291 2707 vir
1309 2654 1354 2709 ille

201 2671 331 2774 doctus
363 2724 392 2773 in
420 2721 561 2774 Wacbleri
586 2721 617 2775 l.:
648 2740 717 2775 neue
742 2723 825 2774 theol.
847 2724 982 2775 Annalen.
1000 2724 1021 2786 Ι,
1048 2742 1076 2793 p.
1093 2728 1162 2788 aot,
1197 2724 1226 2775 H
1236 2726 1354 2793 uginus

171 2860 175 2865 ἰ
200 2790 233 2908 g.
250 2790 270 2843 l.
288 2792 320 2854 ll,
338 2811 364 2872 p,
383 2790 474 2855 stt),
502 2790 900 2874 Koeirlerusvmblorsgszt
917 2790 944 2842 d.
962 2792 1038 2873 epist.
1056 2790 1168 2843 Scblten
1186 2803 1241 2845 etc.
1266 2812 1294 2863 p.
1309 2794 1352 2859 t),

201 2858 1352 2999 stttttt:lultt?titt.‘;.¹¹t.<,⁸tt,¹.¹·1¹:{tidritlttaiitl

202 2992 384 3061 Eroerterung
402 3007 451 3046 etc.
469 3014 495 3064 p.
515 3000 595 3059 lbsq.
620 3033 629 3058 ‚
653 2996 857 3047 lltickertus
875 2992 1040 3061 (Commeat.
1058 2995 1102 3048 iib.
1120 2994 1146 3049 d.
1165 2996 1209 3051 Br.
1229 2998 1263 3052 P.
1280 3014 1314 3047 an

202 3061 264 3113 Gal.
282 3081 309 3129 p.
327 3066 449 3130 321sq.).
522 3064 547 3129 i)
566 3061 609 3114 Cf.
628 3063 688 3116 Gal.
705 3069 732 3125 2,
751 3067 776 3117 4.
792 3068 830 3114 be
850 3059 897 3114 ded
916 3063 947 3115 tt
965 3062 1029 3121 τοὺς
1048 3062 1253 3132 παρεισάκτους
1269 3064 1354 3131 ψευδ-

203 3127 362 3196 odt‘tqovr,
390 3131 486 3187 olores
511 3130 700 3197 παρεισῆλθον
718 3132 928 3196 κατασκοπῆσαι
944 3133 995 3196 αρν
1012 3130 1176 3201 ἐλευθερίαν
1196 3126 1292 3203 igituir,
1323 3127 1354 3197 ἣν

202 3194 306 3265 ὔχομεν
324 3196 356 3249 ἐν
373 3199 409 3248 Χ.
425 3195 452 3247 Ἰ.
477 3191 630 3256 ---οἶς
661 3198 748 3250 οὐδὲ
778 3198 866 3265 πρὸς
897 3196 994 3263 ὥραν
1019 3200 1178 3267 εἴξαμεν
1199 3204 1240 3273 τῇ
1267 3196 1353 3255 ὑπο-

202 3268 302 3336 ταγῇ.
337 3266 561 3316 Hermannus
580 3265 690 3334 quidem
709 3267 752 3333 (in
769 3284 857 3336 progr.
875 3264 909 3317 de
928 3267 1004 3316 Pauli
1023 3267 1152 3337 epistolae
1172 3267 1205 3317 ad
1224 3268 1289 3323 Gal.
1305 3270 1353 3319 tri-

201 3333 253 3383 bus
271 3334 364 3415 primis
384 3332 526 3403 capitibus.
544 3333 615 3401 Lips.
637 3338 713 3397 1832,
724 3339 749 3386 4.
768 3354 795 3404 p.
814 3334 855 3396 6.)
874 3336 1024 3403 apostolum
1042 3337 1183 3418 postremis
1198 3334 1283 3388 buius
1298 3354 1354 3389 ver·

202 3400 278 3484 piculi
293 3402 392 3484 ¹verbis
418 3403 468 3455 boe
485 3401 536 3452 sibi
556 3402 668 3453 voluisse
689 3415 797 3519 censptt
821 3419 849 3453 se
867 3401 993 3454 iratribus
1011 3404 1067 3454 itus
1084 3407 1284 3485 nongenuinis
1299 3405 1353 3473 (qni

202 3468 858 3609 ilidii&duilli?williboldi}
868 3470 1212 3607 inllilfiirllilllil'
1226 3474 1353 3593 „¹3⁸le

203 3604 311 3685 quidem
338 3609 454 3688 spatium
476 3610 537 3657 Iesu
561 3607 677 3689 obsequio
701 3606 853 3689 ¹regqiqrfm
872 3606 976 3676 sitisse.
1004 3606 1075 3689 'Sed
1100 3606 1168 3659 hanc
1193 3609 1248 3659 riri
1266 3608 1353 3690 summi

201 3684 526 3794 ilitl÷0¹ttt23¹¹¹0l¹5i
539 3686 616 3812 ,2²:53
627 3674 1356 3813 ttt‘ttrlslqlt,3522⁶3l:’‚tttttt:}lr.¹‚'¹ll.t

203 3800 347 3859 Christiani
373 3811 430 3861 lesu
454 3830 484 3862 so
510 3812 570 3861 Deo
587 3823 742 3880 praestant,
767 3810 992 3862 obedientiarios
1011 3805 1151 3875 onerari,
1174 3811 1225 3863 aad
1252 3808 1356 3875 ὑπακοὴ

204 3877 342 3941 vocetur),
360 3878 565 3929 Riickertus
591 3878 781 3930 demonstrarit
799 3876 963 3944 (Comment.
981 3879 1026 3931 iib.
1045 3878 1071 3931 d.
1090 3880 1136 3930 Br.
1153 3880 1183 3930 P.
1202 3897 1239 3931 sn
1257 3879 1285 3935 d.
1301 3878 1358 3933 th.

202 3962 230 4013 p.
248 3944 330 4009 ota).
421 3944 449 4012 lt)
468 3947 606 3995 Praeterea
624 3946 658 3995 ad
675 3946 765 3997 locum
783 3947 843 3998 Gal.
861 3949 887 4009 2,
907 3951 959 3997 lls
981 3965 1006 4014 q.
1023 3965 1169 4017 provocare
1188 3965 1202 3998 e
1221 3944 1253 4000 rt
1268 3959 1358 4001 nostra

204 4023 280 4076 esset,
300 4010 346 4061 ubi
358 4012 386 4064 P.
399 4030 427 4062 se
445 4015 513 4062 circa
532 4012 644 4062 eandem
657 4016 699 4075 (ut
719 4013 939 4063 verisimillimum
959 3965 1097 4079 ducimus)
1115 4026 1241 4082 aetatem,
1261 4014 1296 4068 de
1309 4034 1357 4086 qna

203 4098 228 4130 r.
248 4085 333 4149 lsqq.
352 4090 457 4147 egerat,
484 4083 512 4128 in
540 4081 597 4148 ipsa
616 4080 846 4130 Antiochenorum
870 4082 936 4133 urbe
954 4084 1034 4134 Petro
1051 4082 1160 4154 publice
1179 4084 1381 4152 exprobrasse.

202 4147 302 4213 tradit,
328 4148 402 4267 quod
419 4148 497 4199 illam
514 4148 654 4215 gentilium
671 4147 823 4198 libertatem
841 4167 896 4200 non
914 4168 1056 4216 agnoscere
1074 4150 1226 4215 rideretnr3
1253 4171 1359 4204 verum·

202 4227 293 4270 tamen
316 4235 330 4266 s
376 4217 454 4267 huius
480 4216 532 4268 loci
552 4235 602 4267 usu
619 4225 730 4286 propter
759 4235 832 4282 eam,
857 4236 937 4286 quam
960 4238 987 4288 p.
1007 4222 1064 4273 14³.
1091 4220 1179 4271 not*
1208 4220 1359 4285 attulimus,

204 4303 312 4336 oausam
336 4285 468 4336 obstinere
492 4284 643 4337 maluimus.
746 4282 770 4350 l)
789 4282 885 4337 Obiter
907 4286 1091 4356 quaerendum
1115 4286 1242 4353 ridetur,
1270 4305 1360 4340 annon

205 4351 274 4405 forte
292 4372 353 4403 oum
380 4352 559 4405 Blocbio
588 4364 614 4403 et
642 4350 823 4404 Schotto
852 4365 970 4406 statuere
987 4355 1076 4420 liceat,
1095 4355 1361 4422 inclamarint.

203 4422 446 4489 peregrinationem
468 4420 503 4471 ad
526 4419 710 4490 apostolorum
736 4421 880 4471 concilium
903 4436 1055 4493 susceptam
1072 4425 1111 4475 ita
1129 4442 1362 4488 commemorasse,

204 4498 236 4537 ut
254 4487 333 4537 simul
359 4488 474 4552 aliquam
502 4499 574 4540 certe
597 4489 700 4537 itineris
718 4506 779 4539 cunr
797 4507 877 4541 erano
894 4489 1129 4545 Antiochenorum
1146 4491 1211 4545 fecti
1226 4494 1364 4545 astionem

205 4554 326 4607 haberet.
360 4556 402 4606 Ac
419 4556 545 4608 Bloclrius
564 4556 672 4626 quidem
691 4555 865 4623 (chronotaxi.
883 4565 1001 4629 ptitsq.
1018 4571 1074 4615 not
1092 4564 1149 4629 85.)
1165 4562 1236 4612 voce*
1252 4558 1365 4613 unitor

205 4624 281 4689 duas,
308 4641 374 4691 quos
401 4642 445 4690 ap.
476 4620 563 4694 μετὰ
587 4621 762 4691 Βαρνάβα
786 4628 945 4697 susceperit,
972 4628 1152 4697 profectiones
1179 4630 1259 4681 innui
1307 4640 1365 4680 utst

205 4691 269 4759 (boc
286 4689 341 4743 lere
358 4709 456 4743 sensu:
481 4692 904 4761 portsnnoleVsecundum,
922 4694 1272 4765 morinummontem
1320 4700 1366 4751 'en
