2956 5168
197 258 263 321 128
448 253 535 319 ont.
557 250 609 316 tv.
650 249 707 314 ltu
727 246 992 313 TEMPORIBUS
1011 244 1163 313 RERUM

198 428 284 491 serbi
304 424 372 513 πρὸ
394 424 534 487 tribuisse
545 424 579 510 α)
587 467 600 497 ,
628 430 697 498 aut,
731 440 823 501 quum
842 420 941 482 locum
967 417 1075 481 2Gor.
1095 418 1148 495 12,
1168 417 1201 480 2.
1221 418 1258 480 iu
1277 422 1420 483 memoris

199 548 342 617 teneret,
372 542 569 622 negligentius
604 558 676 621 pro:
710 539 775 604 itio
808 543 885 627 gio,
929 543 1004 629 >opo
1047 543 1102 622 ,to
1142 537 1310 619 scripsisse
1340 539 1423 599 ride·

198 652 267 718 tur;
288 662 402 723 neque,
423 644 450 704 si
470 644 518 705 vei
537 662 589 704 res
609 660 699 703 mus
720 662 755 703 se
775 642 911 715 baberet,
931 660 1006 702 uuus
1026 641 1229 721 reliquorum,
1262 638 1317 718 qui
1337 658 1423 706 vocn-

199 730 302 791 buinm
328 722 397 811 πρὸ
426 734 563 805 tuentur,
587 728 737 800 codicum,
767 728 980 806 interpretum,
1007 733 1125 806 patrum
1144 722 1360 787 suctoritntem
1376 730 1425 793 tu-

199 814 258 876 irin
281 832 333 872 ere
375 820 465 873 osset.

260 833 386 976 giitqdde
407 898 483 959 boec
511 896 632 977 quidem
658 915 749 976 quum
775 894 843 955 iere
870 912 931 955 uon
956 892 1219 954 animadverterint
1247 892 1305 955 viri
1338 895 1424 975 docti,

200 982 320 1043 maximi
355 983 522 1043 babuerunt
558 981 667 1054 aliam,
714 999 802 1059 quam
839 979 945 1041 eodem
984 979 1050 1039 ioco
1100 976 1228 1037 inueniri
1273 986 1425 1059 putarunt,

199 1067 337 1129 iectionis
367 1068 549 1126 uarietatem.
606 1066 681 1125 Nom
716 1074 873 1147 postquam
900 1063 986 1122 Lud.
1022 1058 1305 1208 Gappeiiusbp,
1345 1069 1424 1129 cuius

200 1152 325 1230 vestigio
347 1150 512 1210 Grotius
527 1147 555 1231 c)
577 1151 696 1230 pressit,
717 1169 772 1230 pro
801 1141 1118 1232 δεκατεσσάρων
1138 1147 1268 1208 scriben'
1286 1169 1338 1210 urn
1360 1170 1425 1214 essa

202 1236 331 1297 coniecit
350 1229 581 1320 τεσσάρων,
608 1254 733 1313 eamque
760 1235 936 1295 sententium
958 1226 1197 1313 Semterusd)
1226 1239 1262 1293 et
1291 1236 1425 1313 proterit

201 1322 279 1401 ipse,
302 1325 333 1379 et
354 1319 488 1380 chronici
508 1319 656 1399 pascbulis
678 1319 855 1378 auctoritate
884 1318 1061 1378 confirmare
1082 1316 1211 1377 studuit:
1249 1317 1383 1381 Keiiio
1397 1318 1423 1405 e)
1462 1368 1465 1373 .

203 1405 323 1485 quidem
349 1403 408 1463 toci
439 1405 563 1465 mutatio
590 1422 648 1463 uon
676 1402 847 1484 displicuit,
881 1402 967 1463 motti
998 1422 1069 1463 vcro
1100 1400 1173 1461 atii
1186 1400 1233 1480 f)
1267 1402 1423 1467 lection·

201 1478 422 1571 τεσσάρων
455 1488 657 1569 recipiendum
683 1487 840 1548 duxeruut.
911 1487 997 1564 Quod
1029 1488 1135 1566 quibus
1167 1489 1301 1564 permoti
1329 1491 1422 1553 musis

202 1573 340 1646 fecerint,
362 1581 393 1633 et
414 1593 483 1634 num
505 1580 588 1634 recte
609 1572 746 1647 feceriut,
768 1580 816 1633 est
837 1572 995 1650 quodiam
1015 1573 1198 1651 indagemus.

288 1656 391 1737 Inque
412 1658 494 1718 nulio
514 1658 603 1719 modo
618 1676 760 1717 annorum
775 1654 844 1718 ith
858 1676 1012 1717 numerum
1027 1676 1095 1716 cum
1108 1656 1146 1714 iis
1161 1655 1319 1717 conciliari
1334 1677 1419 1739 posse

203 1751 338 1817 monent,
374 1763 450 1821 quae
472 1743 590 1803 stiuude
611 1744 728 1822 cognita
750 1743 810 1802 sint
830 1741 870 1802 de
893 1741 975 1801 Pauli
995 1741 1200 1821 temporibus,
1236 1741 1336 1803 attera
1357 1762 1419 1804 rcro
1464 1722 1468 1787 i

203 1827 332 1888 lectione
353 1829 482 1888 admissa
503 1828 600 1887 omnia
622 1828 742 1907 egregie
763 1827 910 1906 quadrare
932 1826 1122 1887 contendunt.
1153 1824 1277 1887 Deinde
1298 1846 1355 1907 pro
1375 1847 1419 1889 ιο-

203 1912 317 1973 csbutis
339 1907 398 1975 διὰ
419 1906 610 1996 τεσσάρων,
639 1913 703 1971 sire
723 1912 831 1990 piene,
859 1913 923 1971 sire
943 1931 999 1991 per
1019 1909 1196 1989 compendio
1216 1918 1341 1971 musta
1360 1913 1418 1973 fuo-

204 1996 274 2069 rint,
296 1996 378 2055 facili
401 1997 503 2055 dicunt
517 2014 620 2056 errore
634 1996 724 2055 scribi
739 1997 875 2074 potuisse
888 1990 946 2057 διὰ
963 1987 1223 2080 δεκατεσσάρων,
1246 2004 1280 2055 et
1295 1997 1418 2075 potuisse

203 2080 341 2140 librarios
362 2098 399 2139 eo
422 2081 600 2158 promtiores
622 2097 690 2137 esse
711 2079 747 2138 ud
769 2079 845 2138 banc
865 2081 1066 2154 mutationem,
1088 2082 1114 2139 si
1135 2098 1236 2140 eorum
1252 2083 1361 2143 animis
1373 2083 1422 2142 ob·
1450 2072 1468 2155 ,λ

204 2169 339 2229 versatus
361 2163 453 2224 fuerit
475 2164 557 2223 iocus
592 2160 698 2223 2Gor.
726 2163 782 2234 12,
803 2163 851 2237 2.,
879 2166 930 2223 ubi
956 2184 1097 2225 nuuorum
1123 2162 1193 2225 xtv
1219 2167 1335 2227 mentio
1362 2168 1416 2243 fist,
1465 2158 1468 2237 Ξ

205 2246 315 2321 iddita,
337 2256 370 2308 ut
391 2254 493 2309 nostro
516 2248 597 2321 ioco,
625 2239 879 2349 ἀποκαλύψεως
899 2250 1186 2310 commemoratione.
1230 2249 1417 2330 Denique,in
1465 2252 1468 2333 λ

205 2332 345 2393 chronico
367 2332 569 2392 Alexandrino
589 2332 612 2392 ii
633 2340 726 2407 uerte,
748 2352 798 2412 qur
819 2334 890 2392 iude
911 2353 929 2394 u
951 2332 1080 2394 Semleri
1100 2333 1291 2413 temporibus
1312 2329 1418 2400 τεσσά·
1451 2340 1461 2389 i

205 2436 273 2503 ρων
287 2417 356 2496 poni
371 2416 534 2491 uoluerunt,
556 2417 642 2477 buius
664 2417 801 2478 lectionis
815 2419 939 2497 vestigia
953 2419 1189 2497 deprehendisse
1203 2419 1263 2478 sibi
1279 2421 1416 2483 visisunt
1465 2414 1468 2489 ι

289 2503 389 2581 Atque
411 2510 443 2562 ut
463 2503 589 2582 primum
611 2502 651 2561 de
672 2521 709 2562 eo
730 2521 851 2582 agemus
873 2511 1065 2582 argumento,
1088 2503 1167 2583 qnod
1188 2504 1320 2581 petitum
1340 2514 1418 2567 este

205 2583 346 2647 chronico
367 2586 586 2662 Alexandrino,
608 2586 638 2646 id
660 2587 747 2666 quate
768 2588 897 2666 sin-quo
918 2588 1035 2648 facilius
1057 2588 1301 2668 perspiciamus,
1322 2592 1417 2672 ipsum,

204 2672 243 2733 ad
271 2691 358 2751 quem
384 2678 565 2750 provocent,
593 2671 692 2732 locum
700 2668 737 2751 g)
759 2691 859 2733 corum
888 2671 981 2733 oculis
1009 2691 1161 2753 ponamus.
1220 2671 1302 2738 Sunt
1330 2684 1417 2739 cutm
1460 2682 1467 2731 ι

205 2756 296 2818 verba
316 2756 405 2816 baec:

363 2886 559 2970 [Κλαυδίου]
583 2884 623 2970 ς’.
643 2882 800 2955 Ὑπάτων
814 2883 1010 2955 Ἀσιατικοῦ
1031 2887 1089 2956 καὶ
1108 2883 1269 2959 Σιλάνοα.

159 3052 164 3061 ,
202 2982 279 3053 Ἐπὶ
297 2983 423 3053 τούτων
443 2990 509 3053 τῶν
529 2985 667 3055 ὑπάτων
689 2984 817 3077 ἀνῆλθε
839 2987 943 3057 πάλιν
965 2987 1013 3070 εἷς
1038 2985 1259 3079 Ἰεροσόλυμα
1289 2988 1310 3060 ὁ
1333 2996 1420 3062 Παῦ-

205 3072 276 3151 λος.
292 3068 399 3138 Ὅθεν
419 3070 544 3161 γράφει
564 3072 734 3153 Γαλάταις
754 3074 836 3161 περὶ
866 3073 988 3164 ταύτης
1009 3079 1069 3164 τῆς
1089 3072 1288 3162 ἀναβάσεως
1310 3078 1418 3159 οὕτως·

207 3155 266 3223 διὰ
282 3152 324 3223 od‘
341 3155 424 3225 ἑτῶν
437 3154 542 3224 πάλιν
559 3154 710 3245 ἀνῆλθον
727 3157 777 3247 εἰς
789 3156 1017 3251 Ἱεροσόλυμα.
1040 3163 1112 3228 Καὶ
1129 3153 1150 3229 ii
1168 3154 1286 3230 εἶπεν·
1312 3162 1419 3244 πάλιν,
1460 3206 1468 3263 p

274 3395 305 3462 o)
316 3392 391 3468 Quae
409 3396 450 3449 W
459 3397 469 3448 i
478 3414 516 3448 ne
525 3396 558 3448 ri
575 3397 732 3463 (comment.
752 3397 781 3448 in
800 3416 843 3516 ep.
853 3396 888 3449 ed
897 3397 957 3454 Gal.
968 3398 1036 3468 prol.
1047 3404 1123 3469 p.20.
1134 3399 1178 3453 ed.
1187 3402 1226 3466 e.)
1241 3399 1357 3456 ridetur
1366 3421 1422 3457 oea·

273 3464 360 3515 tentis
378 3482 444 3519 esse.
521 3467 549 3528 b)
568 3466 637 3518 Hist.
661 3485 703 3536 ep.
723 3484 811 3536 uppen
833 3485 882 3536 .p.
899 3472 941 3520 56.
1020 3471 1048 3534 c)
1066 3469 1097 3517 In
1113 3468 1204 3522 adnot.
1222 3468 1258 3519 ad
1277 3471 1344 3527 Gul.
1361 3478 1385 3536 2,
1401 3474 1423 3524 1.

273 3532 305 3597 d)
317 3532 346 3581 In
358 3530 421 3587 diss.
434 3532 496 3585 hist.
514 3544 616 3602 exeget.
633 3533 667 3586 de
685 3545 817 3603 tempore,
833 3551 887 3604 quo
899 3537 998 3605 scriptu
1009 3536 1092 3587 fuerit
1112 3554 1154 3605 sp.
1166 3538 1195 3588 Ρ.
1205 3536 1242 3586 sd
1253 3537 1328 3601 Gal„
1346 3539 1422 3591 Halse

275 3603 351 3663 1161,
363 3604 512 3653 accuratius
523 3619 615 3653 recuso
628 3606 702 3667 1168,
715 3606 751 3667 4.,
769 3601 860 3672 ibique
877 3621 903 3684 p.
916 3609 958 3657 26.
973 3603 1027 3669 (ed.
1039 3606 1086 3669 2).
1111 3603 1197 3672 Quam
1210 3602 1424 3660 dissertationem

275 3668 403 3737 quoniam
420 3668 552 3721 Semlorus
570 3669 626 3721 dere
643 3672 775 3738 integrum
792 3673 970 3738 (paucissimis
987 3673 1122 3732 mutatis,·
1132 3671 1182 3723 sed
1198 3673 1292 3724 multis
1313 3675 1423 3738 additis)

274 3734 304 3783 in
320 3734 388 3803 prol.
406 3736 531 3807 parapbr.
548 3737 640 3806 ep.ad
651 3738 711 3791 Gat
728 3740 847 3809 recepit,
865 3738 978 3801 abhinc,
997 3738 1094 3808 quibus
1111 3741 1140 3790 in
1165 3739 1247 3792 rebus
1269 3741 1339 3795 boec
1361 3760 1424 3813 pro·
1465 3706 1468 3803 λ

274 3798 328 3869 leg.
348 3818 409 3851 cum
427 3802 490 3858 diss.
508 3805 557 3855 illa
574 3809 746 3871 conveniunt,
764 3809 870 3858 nonnisi
896 3807 1086 3876 prolegomene
1112 3806 1225 3860 laudare
1252 3807 1425 3863 decrevimus.

274 3868 314 3932 Is,
340 3866 374 3918 da
403 3888 456 3938 quo
479 3872 523 3923 bic
541 3873 660 3940 agimus,
684 3873 759 3925 locus
778 3876 806 3924 in
824 3873 894 3943 prol.
911 3893 940 3942 p.
959 3880 1000 3928 tl.
1018 3876 1124 3944 iegitur.
1256 3877 1426 3944 e)1ncorn·

275 3937 449 4002 mentatione,
468 3940 497 3988 in
515 3955 568 4024 qua
586 3938 724 3991 disseritur
741 3939 775 3991 de
793 3941 876 3991 Paulo
894 3937 949 4007 πρὸ
965 3940 1034 3995 ἐτῶν
1052 3944 1192 3997 decussus.
1209 3940 1368 4014 ἁρπαγένιι
1379 3958 1426 3999 etc.

276 4004 318 4066 (in
335 4020 441 4072 opuscc.
455 4004 496 4059 ed.
515 4004 672 4072 boldborn„
691 4026 717 4075 p.
729 4010 816 4074 338),
836 4008 880 4058 cll.
900 4007 962 4061 diss.
980 4007 1014 4060 do
1031 4009 1185 4064 definiendo
1201 4023 1328 4080 tempora
1346 4017 1426 4067 itinc-

274 4073 311 4123 ris
328 4072 357 4126 P.
368 4072 472 4124 Hieros.
486 4071 546 4123 Gai.
558 4076 584 4137 2,
599 4078 622 4125 l.
640 4077 837 4126 commemorati
855 4076 884 4141 (ο
907 4093 974 4127 osce.
1013 4081 1115 4143 ,ltl.).
1173 4078 1216 4148 f)
1232 4080 1428 4134 Heinrich·

272 4141 350 4193 sins
368 4138 451 4209 (proi,
471 4138 506 4191 ud
522 4139 601 4207 Acta,
619 4160 645 4211 p.
663 4146 719 4194 tils
741 4141 778 4209 .)‚
796 4093 1042 4196 Bertdotduua
1060 4147 1091 4215 (l.
1108 4146 1128 4197 l.
1146 4146 1178 4210 V,
1202 4167 1229 4217 p.
1243 4150 1426 4203 sill—stit.

273 4206 427 4278 bibite),
444 4207 656 4260 Kninoelins
674 4158 802 4279 (ρῶ.ιᾶ
813 4210 893 4274 dcta,
913 4231 940 4282 p.
953 4214 1039 4265 XXV
1049 4216 1122 4284 sq.),
1140 4215 1426 4286 Emmerlingiut

275 4273 584 4409 tt⁰2·.³;¹.3·.:t.⁰⁰s·
604 4278 832 4412 ²¹²sntt2¹¹t
848 4278 1056 4400 {satit
1071 4282 1221 4401 teitu
1239 4293 1339 4403 ιιι·
1359 4286 1427 4406 tt

275 4409 468 4479 Prodigarbibl.
487 4414 577 4481 (1881,
594 4364 664 4483 gart.
678 4418 704 4467 b.
744 4449 750 4463 .
764 4365 852 4479 932),
869 4416 900 4465 M
909 4429 959 4468 att
969 4416 988 4467 ln
997 4419 1047 4468 aei
1057 4435 1098 4467 us
1116 4417 1179 4486 (dar
1189 4410 1230 4470 'ue
1242 4391 1429 4490 igionsglanbe

275 4475 325 4528 dar
339 4477 365 4527 A
385 4479 462 4541 estet,
478 4491 544 4532 tom.
562 4482 581 4534 Ι.
600 4499 626 4550 p.
644 4485 703 4533 624.
721 4432 796 4531 iiud.
815 4481 926 4535 Sobotto
946 4484 976 4536 ll.
1002 4484 1148 4553 citandis),
1165 4486 1219 4539 Ge.
1240 4486 1429 4541 Boebliua

276 4543 333 4609 (ub.
362 4498 389 4595 d.
413 4546 475 4597 Zoit
500 4547 527 4603 d.
557 4547 624 4601 Abi.
648 4567 677 4601 u.
702 4546 756 4599 den
783 4550 887 4605 Poulin.
914 4547 993 4607 cnn.
1020 4550 1047 4603 d.
1073 4552 1131 4606 Brr.
1156 4571 1191 4605 an
1216 4554 1291 4608 Tim.
1318 4575 1346 4611 ιι.
1375 4560 1430 4610 'rit

298 4681 380 4750 apin
433 4680 466 4735 bi.
478 4681 506 4736 F.
517 4699 545 4751 p.
558 4684 639 4750 196).
670 4684 707 4755 g)
761 4683 1430 4763 .mdori,p.oso.,1³arie.p.sts.vanatp.1su

275 4632 305 4733 p.
316 4616 362 4665 108
403 4615 440 4680 .)‚
458 4614 643 4668 Sobottua
661 4618 702 4685 (in
717 4634 817 4735 ἔρρεις
834 4618 899 4687 isep.
917 4621 948 4670 in
964 4636 1005 4689 ep.
1023 4617 1059 4669 ud
1076 4620 1136 4675 eat
1153 4641 1180 4694 p.
1190 4627 1234 4674 22.
1252 4634 1311 4676 not.
1323 4630 1350 4677 8.
1365 4627 1430 4677 etin
1466 4606 1468 4659 Ι
