2956 5168
201 164 244 227 to
625 156 713 224 OAP.
735 159 757 223 l.
801 158 856 223 olo
878 159 999 234 Anno,

101 324 118 371 t
202 336 253 396 die
268 333 312 418 o).
364 334 409 395 De
435 353 472 394 ea
499 333 579 393 eaba
600 350 635 392 re
656 331 833 412 ambigitur,
862 334 932 413 quia
963 333 1051 394 alteri
1081 332 1144 396 diei
1164 336 1307 414 loannes,
1345 342 1432 403 alteri

203 421 409 501 evangelistae
430 419 540 498 reliqui
561 418 630 477 lesu
650 423 781 477 mortem
805 418 971 498 assignant.
1022 419 1122 496 Quum
1143 439 1217 483 vero
1238 431 1360 486 certum
1383 429 1433 500 sit,

162 531 182 543 ·‘
201 506 350 566 alterutro
367 504 594 565 die-Dominum
608 501 673 562 fato
687 503 826 566 iunctum
849 523 931 579 esse,
952 505 1013 564 iam
1034 506 1199 584 antiquitus
1220 507 1360 585 luemnt,
1383 515 1434 590 qui

202 609 241 650 ex
255 592 324 652 anni
339 590 453 651 ludsioi
474 591 593 649 ratione
609 606 720 647 eruere
740 587 911 663 studerent,
933 608 1061 668 quonam
1083 610 1188 652 eorum
1210 613 1371 667 annorum,
1394 598 1434 658 de

201 676 310 754 quibus
332 673 383 735 hic
405 676 570 756 quaeritur,
592 672 667 732 festi
687 672 842 752 paschatis
864 674 951 734 initia
972 672 1102 735 Veneria
1124 677 1206 738 diem
1227 685 1356 760 tangere
1375 700 1432 762 po-

162 814 167 821 .
201 761 324 821 tuerint.
376 760 443 836 Qua
464 760 495 819 in
518 758 698 838 quaestione
726 758 796 835 quia
816 757 867 817 ulii
888 758 977 819 trimis
999 760 1191 822 confidenter
1213 766 1355 845 ambigua
1376 786 1431 846 pro

200 847 294 906 certis
314 845 533 921 vendiderunt,
561 843 612 901 alii
640 842 729 905 nimis
761 844 849 903 anate
868 842 900 903 in
921 844 1014 903 rebus
1037 847 1131 906 certis
1153 847 1245 908 dubia
1266 852 1427 928 quaesive-

199 936 280 1005 rrmt,
301 929 434 990 nondum
449 930 550 1009 potuit
565 947 583 988 e
598 928 718 1006 cognita
738 927 808 987 anni
822 926 958 988 Hebraei
980 928 1080 990 forma
1101 931 1224 993 ultimus
1245 934 1430 996 lesu'annus

171 1078 175 1085 ,
199 1021 286 1075 certo
308 1015 465 1095 cognosci.
523 1014 590 1090 Qua
613 1013 652 1071 de
666 1030 767 1072 -eausa
787 1031 888 1072 meum
910 1032 981 1075 esse
1003 1011 1096 1089 duxi,
1122 1035 1189 1077 rem
1210 1019 1253 1078 ita
1273 1019 1434 1100 indagare,

199 1106 243 1176 ut,
268 1119 360 1180 quum
383 1117 505 1173 eorum,
534 1116 615 1178 quae
636 1097 727 1157 dubia
748 1102 834 1171 sunt,
863 1098 1092 1178 ambiguitatem
1120 1100 1354 1184 haudquaquam
1375 1124 1429 1166 ne-

138 1196 143 1213 ¹
199 1203 313 1263 garem,
336 1203 382 1258 ea,
407 1183 577 1263 dequibus
599 1182 665 1241 iure
689 1181 820 1242 dubitari
840 1201 903 1242 non
924 1179 1017 1263 posse
1038 1183 1264 1265 intelligerem,
1285 1195 1428 1270 tanquam

199 1276 286 1329 certa
305 1285 519 1348 agnoscerem.

285 1385 422 1448 Pronum
436 1388 531 1469 igitur
552 1388 577 1448 si
594 1387 633 1449 de
655 1386 705 1447 die
719 1405 774 1467 sup
795 1386 859 1448 licii
874 1386 944 1449 lesu
965 1391 1131 1469 quaeritur,
1154 1393 1214 1454 etsi
1234 1393 1349 1453 rectius
1372 1414 1427 1455 eos

199 1478 335 1535 statuere
363 1472 510 1547 arbitror,
545 1474 595 1553 qui
617 1471 702 1532 illum
715 1407 806 1547 illl,
829 1492 917 1552 quam
936 1476 991 1553 qui
1011 1472 1072 1537 XV
1091 1475 1197 1538 Nisuni
1227 1478 1309 1538 diem
1331 1477 1428 1542 fuisse

199 1557 370 1619 existimant
388 1560 441 1635 ‘ils
477 1567 588 1631 tamen,
623 1559 694 1637 quia
712 1557 791 1617 horre
813 1559 994 1619 sententiam
1017 1563 1202 1640 'argumentis
1231 1562 1368 1624 stabilire
1398 1571 1428 1623 et

198 1642 321 1724 longum
343 1651 522 1724 estusque
544 1640 604 1727 (uti
626 1641 725 1703 serius
746 1640 964 1728 perspicietur)
989 1645 1150 1725 quidquam
1163 1645 1265 1707 vhabet
1286 1648 1427 1708 utilitatis

199 1728 238 1787 ad
260 1730 465 1808 quaestionem
487 1736 621 1790 nostram
643 1726 768 1788 felicius
791 1726 980 1789 solvendam:
1002 1730 1063 1790 hoe
1086 1732 1226 1811 equidem
1249 1732 1349 1793 solum
1370 1752 1428 1815 po·

198 1814 330 1874 nendum
353 1836 423 1877 esse
444 1815 557 1895 putavi,
581 1833 651 1873 eum
673 1831 875 1895 annuumque
897 1818 1006 1875 neuter
1020 1815 1142 1875 illorum
1163 1817 1282 1877 dierum
1296 1816 1427 1879 Veneris

199 1898 264 1958 dies
288 1917 358 1960 esse
379 1901 526 1982 potuerit,
547 1918 604 1979 pro
626 1892 735 1963 ultimo
756 1897 837 1957 vitae
859 1897 930 1959 lesu
951 1918 1027 1959 anno
1049 1900 1156 1960 haberi
1177 1920 1240 1962 non
1259 1921 1365 1984 posse.

279 2017 400 2078 Deinde
414 2017 496 2098 quod
518 2016 628 2077 attinet
648 2015 686 2074 ad
701 2016 771 2075 anni
784 2010 909 2091 ludoici,
930 2017 1027 2096 qualis
1049 2019 1157 2099 templi
1178 2020 1305 2081 secundi
1326 2027 1426 2081 aetate

196 2099 265 2174 fuit,
285 2101 425 2176 formam,
447 2103 514 2161 eius
535 2102 583 2161 rei
604 2100 837 2179 cognoscendae
855 2103 1009 2179 praesidia
1030 2103 1167 2182 inprimis
1190 2105 1290 2184 posite
1303 2111 1377 2165 sunt
1396 2107 1426 2164 in

129 2222 133 2235 ι
196 2187 363 2266 seriptis
392 2187 551 2265 antiqui
579 2184 766 2245 foederis
807 2184 900 2249 exilio
921 2187 1107 2262 serioribus,
1126 2188 1159 2248 in
1179 2187 1366 2249 Philonis
1395 2198 1426 2249 et

197 2268 361 2350 losephi
383 2272 527 2351 operibus
548 2277 580 2330 et
605 2271 636 2329 iu
657 2270 848 2343 talmnde;
871 2272 979 2350 quibus
995 2273 1143 2333 seriorum
1165 2271 1426 2352 quoqueludaeu-

196 2364 264 2413 runi
285 2355 364 2430 libri,
386 2376 462 2437 prae
483 2356 607 2435 reliquis
629 2354 881 2415 Mnimonidis
904 2355 943 2414 de
965 2359 1196 2418 consecratione
1221 2356 1425 2419 Kalendarum

196 2443 410 2513 commentatio
434 2436 547 2523 (nonnil
571 2438 669 2523 ibinp)
686 2436 732 2521 ²⁸),
766 2445 798 2499 et
819 2459 897 2520 qnae
919 2441 1087 2527 scriptores
1109 2443 1207 2503 exteri
1225 2443 1340 2523 passim
1361 2464 1426 2505 mo·

196 2531 339 2599 nuenmt,
359 2546 421 2589 non
437 2526 589 2603 sine'usu
610 2526 770 2585 adduntur.
797 2558 801 2569 ‹

279 2644 325 2704 Ac
339 2644 460 2707 menaea
474 2636 596 2725 quidem
610 2643 700 2703 lunae
721 2644 826 2718 cursui
845 2645 1090 2705 accommodatos
1112 2644 1221 2721 fuisse,
1243 2651 1275 2706 et
1291 2650 1423 2708 vocabu-

194 2727 257 2789 lum
278 2741 338 2808 neg!
362 2751 380 2790 a
401 2742 459 2809 mr
484 2730 657 2807 deductum,
679 2733 711 2788 et
732 2729 808 2806 uarii
829 2733 966 2789 veterum
988 2729 1050 2791 loci
1071 2730 1191 2792 abunde
1211 2736 1365 2792 testantur
1382 2733 1424 2814 r).

194 2813 256 2873 lem
276 2807 368 2892 quum
389 2800 471 2877 inte'r
492 2815 563 2876 bina
582 2814 735 2875 novilunia
748 2813 791 2874 29
805 2813 881 2888 dies,
905 2814 1000 2875 horae
1022 2814 1074 2890 12,
1095 2816 1150 2890 44,
1172 2836 1249 2897 quae
1271 2812 1423 2891 dicuntur,

193 2899 326 2974 minum,
340 2900 361 2958 2
376 2900 511 2960 seeundo
533 2918 602 2960 oum
616 2890 807 2980 82'partibus
822 2900 996 2959 centesimis
1017 2900 1171 2975 intersint,
1191 2901 1272 2980 quod
1293 2904 1422 2983 spatium

99 2980 102 2985 ’
193 2984 312 3044 mensis
328 2974 496 3065 'synodicus
517 2982 699 3066 appellatur,
722 2983 782 3043 duo
803 2984 897 3063 igitur
918 3004 1041 3045 menses
1062 2986 1202 3065 synodici
1223 2986 1333 3047 diebus
1354 2986 1422 3048 fere

192 3066 236 3129 59
262 3060 419 3149 constent:
439 3068 708 3150 ..quemadmodum
744 3087 942 3149 quaecmrqne
970 3075 1081 3149 gentes
1116 3078 1234 3153 tempus
1263 3071 1303 3132 ad
1331 3071 1422 3132 lunae

192 3155 516 3229 amussim·=dividunt,
545 3157 588 3216 ita
617 3158 649 3214 et
669 3153 773 3213 ludaei
794 3172 916 3214 menses
948 3154 1076 3233 agebant
1104 3174 1184 3227 rinno
1205 3156 1258 3231 29,
1277 3175 1359 3217 nuno
1380 3157 1423 3217 311

193 3235 310 3300 dierum
329 3239 381 3321 ε),
413 3254 542 3321 qnorum
570 3238 683 3299 alteros
705 3233 840 3312 nitebit,
869 3236 993 3318 plenos,
1021 3240 1135 3301 alteros
1157 3252 1289 3317 ernon,
1308 3260 1422 3317 cavos,

252 3510 290 3576 p)
308 3511 375 3560 Erat
393 3512 465 3561 enim
482 3510 548 3562 baec
566 3504 630 3561 festi
647 3510 782 3580 paschatis
799 3513 878 3575 ratio,
897 3523 937 3576 ut,
954 3523 1097 3582 postquam
1114 3530 1224 3584 vespera
1240 3513 1308 3568 xiv
1324 3515 1420 3568 Nisani

249 3577 315 3628 diei
330 3584 432 3647 agnum
451 3578 603 3638 hoadumve
621 3586 742 3630 assatum*
756 3596 816 3630 cum
835 3598 905 3650 pane
922 3598 1019 3650 azymo
1038 3593 1065 3633 et
1081 3581 1170 3633 herbis
1188 3585 1284 3634 amaris
1303 3583 1419 3648 (additis

259 3657 374 3708 quatuor
387 3646 440 3715 xsel
456 3648 652 3716 quinque'sini
663 3646 802 3716 poculis),
828 3647 1020 3710 comederant,
1047 3667 1064 3699 a
1090 3649 1134 3700 die
1151 3668 1179 3702 se
1202 3653 1274 3702 uenti
1292 3650 1328 3702 ad
1346 3651 1418 3704 diem

258 3713 502 3766 mensis‘eiuadem
519 3715 583 3767 xxi
606 3715 706 3766 festum
732 3732 890 3785 azymorum
917 3718 1083 3769 celebrarent
1107 3717 1178 3774 (Ero
1232 3725 1283 3782 lu,
1310 3723 1418 3772 1—20.

242 3781 322 3837 :luem
334 3785 377 3844 23,
397 3788 487 3849 4-ς-8.
506 3782 645 3846 Num-28,
663 3786 787 3835 irs-25.
803 3783 885 3837 Dent.
902 3790 953 3851 26,
972 3788 1082 3849 1-8.).
1151 3786 1181 3852 q)
1197 3787 1242 3840 Da
1259 3787 1369 3856 scriptis
1386 3787 1422 3838 ad

208 3860 212 3877 “
258 3847 328 3899 banc
348 3851 530 3918 quaestionem
548 3850 746 3920 pertinentibus
757 3849 799 3903 el.
816 3852 941 3902 Hasiua
960 3851 1040 3916 (Lab.
1053 3854 1112 3904 lesu
1124 3855 1149 3920 §.-
1157 3855 1239 3922 122),
1258 3867 1284 3906 et
1296 3873 1364 3922 quoa
1377 3856 1422 3907 laic

246 3913 437 3968 'eodemloco
453 3919 555 3970 citarit.
576 3950 577 3954 =
623 3919 652 3985 *)
670 3919 801 3971 Versions
824 3920 905 3973 huius
922 3919 987 3971 libri
1005 3938 1067 3971 usus
1084 3939 1153 3983 sum,
1170 3938 1252 3984 quam
1269 3922 1356 3974 Lud.
1380 3923 1422 3975 de

220 3986 242 4024 1..
260 3979 399 4053 Gompie
406 4002 472 4052 gna
489 3984 529 4037 de
546 3985 621 4036 Vail
638 4003 772 4036 una-,cun
782 3985 957 4038 Maimonidis
967 3987 1044 4043 ,libro
1062 3987 1096 4040 de
1106 3988 1244 4047 sacrificiis
1256 4003 1283 4042 et
1293 3988 1423 4042 Ababa·

221 4068 223 4075 ·
259 4051 332 4102 nolio
340 4052 453 4105 exordio
465 4054 717 4104 commentariorum
727 4056 757 4103 in
770 4053 927 4105 Leviticum.
935 4057 1001 4107 item
1013 4056 1099 4107 latine
1110 4056 1188 4108 iactis
1199 4058 1318 4111 Londini
1332 4058 1422 4110 edidit

209 4132 224 4145 ··
258 4116 335 4191 1183,
354 4124 382 4174 4.
485 4124 509 4190 ν)
527 4121 636 4172 Pbilo
654 4119 688 4172 de
707 4132 774 4191 sept.
791 4132 819 4172 et
835 4121 921 4187 festis,
939 4143 966 4193 p.
987 4127 1055 4176 lieo
1072 4123 1115 4176 ed.
1134 4127 1216 4179 Paris.
1233 4123 1422 4248 ripn—rqttqr

210 4188 215 4197 ⁴
246 4183 357 4256 ,ἑορτὴν
372 4184 583 4259 ἀναγράφωμεν,
600 4185 649 4254 τὴν
665 4183 733 4240 κατὰ
748 4184 861 4255 σελήνην
878 4193 1038 4259 νουμηνίαν.
1056 4190 1097 4246 Cf.
1114 4193 1198 4247 ibid.
1236 4197 1330 4259 .1114,

216 4264 219 4273 “
260 4260 347 4321 1196.;
359 4255 400 4309 de
416 4259 472 4308 sita
489 4257 576 4312 Mesia
594 4277 622 4326 p.
638 4262 711 4318 68115
739 4258 798 4339 les.
825 4258 893 4338 Ant,
917 4265 944 4326 ³,
963 4265 1005 4324 lo,
1022 4266 1057 4314 ile
1084 4255 1182 4332 δςκσίτῃ
1210 4213 1242 4314 dli
1261 4265 1310 4315 rosi
1334 4259 1422 4316 αὐτοῦ

234 4319 463 4389 ¹'periris-'norit
490 4322 653 4390 σελήνην
678 4339 854 4389 νηστευσνται
870 4322 921 4385 ἕως
938 4325 1107 4394 toneneas.
1126 4332 1168 4380 ta:
1194 4333 1231 4395 τῷ
1249 4328 1282 4382 δὲ
1296 4329 1366 4398 μηνὶ
1383 4334 1419 4398 τᾷ

261 4386 398 4476 Kandane,
410 4387 447 4450 ’ὃς
462 4389 554 4445 Νισὰν
570 4391 632 4460 παρ’
655 4390 725 4463 ἡμῖν
740 4395 871 4460 καλεῖται,
889 4391 1166 4466 τεσσαρεσκαιδεκάτῃ
1191 4393 1284 4451 κατὰ
1307 4393 1421 4457 σελή-

194 4484 206 4493 ··
240 4455 689 4532 Ἷνηνί1υεινέν11μισε(Μοσσε).
726 4458 768 4515 Gf.
787 4466 814 4529 4,
832 4467 859 4529 4,
875 4466 1004 4549 6521&
1021 4463 1243 4533 &praedio
1260 4466 1357 4517 Petri
1375 4484 1421 4536 ap.

261 4537 392 4595 clemen.
404 4542 450 4595 ni.
463 4554 553 4597 strom.
565 4545 620 4615 Nl,
638 4564 666 4617 p.
678 4551 749 4610 636„
767 4547 875 4597 misna
902 4546 927 4597 11
947 4546 1018 4599 nnn
1044 4547 1134 4600 multis
1151 4549 1228 4614 locis,
1244 4549 1365 4607 Μοίρι.
1383 4550 1420 4602 de

224 4608 231 4625 ’
259 4610 461 4663 'consecratione
477 4612 557 4680 Kal,
577 4631 599 4665 c.
619 4619 641 4667 l.
729 4613 756 4680 a)
781 4613 1026 4668 Galebns'looo
1044 4615 1115 4667 inira
1132 4615 1285 4682 laudando,
1303 4617 1418 4670 Mairu.

1362 4201 1422 4255 191,
