2956 5168
430 209 524 273 scu
545 167 596 289 1-1,-
609 210 743 273 'asan
763 209 1052 273 susurronum
1084 260 1087 264 .
1197 208 1199 213 ’
1286 212 1349 276 111
1382 263 1384 267 .
1427 182 1431 189 ’

131 384 290 446 nobiscum
309 384 534 443 :communicata
561 383 679 461 ··Quum
699 379 812 441 Pardua
842 388 873 441 et
898 382 1050 442 Barrabas
1071 383 1253 445 Antiochiae
1276 399 1348 446 nera·

131 474 290 542 serentur,
317 468 463 547 quosdam
498 487 522 528 e
551 466 661 527 ludaea
697 468 834 542 venisse,
867 469 919 546 qui
947 467 1078 546 gentiles
1111 468 1225 530 Christi
1255 489 1348 530 ,sacra

132 554 305 634 amplexos,
339 555 397 612 nisi
424 553 730 626 circumciderentur,
756 560 911 612 aeternam
940 552 1068 612 salutem
1096 555 1223 634 adipisci
1247 556 1348 636 nega'·

131 647 210 699 rent.
248 639 321 698 Orta
344 647 444 698 autem
466 639 547 697 inter
568 638 709 696 homines
734 635 804 696 illos
828 642 859 696 et
879 634 1007 700 Paulum
1027 638 1253 719 Barnabamque
1274 660 1348 700 con-

132 725 285 798 tentione,
315 724 372 783 lios
395 723 560 783 cum-aliis.
573 723 768 802 quibusdam,
796 728 831 781 ut
852 729 1090 802 cognoscerent,
1106 726 1194 805 xquid
1216 726 1347 804 apostoli

131 810 171 869 de
193 809 249 869 luc
277 809 454 889 quaestione
482 809 649 880 sentirent,
681 807 791 867 missos
814 826 884 867 csse
905 807 1129 888 Hierosolyma.
1173 811 1239 886 Quo
1261 815 1347 890 post-

69 928 72 933 ·
132 914 222 974 quam
244 894 451 967 advenissent,
467 892 660 953 vPharisaeos
682 891 844 953 nonnullos
867 893 905 951 ad
926 892 994 953 lesu
1011 899 1115 953 eastra
1138 899 1347 974 transgresses
1376 936 1378 940 ,

128 981 334 1060 poposcisse,
355 984 390 1038 ut
421 979 551 1058 gentiles
573 979 611 1038 ad
632 998 718 1037 sacra
740 977 910 1038 Christiana
932 979 1349 1040 conversicircumcidereu-

127 1071 190 1138 tur,
213 1070 245 1123 et
265 1064 362 1144 legem
383 1063 551 1124 Moericum
572 1065 777 1123 observarent.
833 1062 896 1122 Sed
917 1068 1024 1122 coacto
1046 1065 1251 1143 apostolorum
1274 1084 1348 1125 cou-
1414 1087 1416 1091 ’

128 1150 218 1222 cilio,
246 1158 344 1228 quum
366 1148 455 1210 Prot
474 1148 509 1207 B.
537 1168 589 1208 res
617 1149 864 1208 inter÷etlrnicos
890 1168 907 1207 a
934 1168 970 1207 se
996 1153 1099 1227 gestas
1123 1151 1347 1230 exposuissent,

128 1233 214 1294 Petri
231 1243 267 1312 et
287 1234 390 1294 lacobi
409 1236 587 1294 auctoritate
610 1232 767 1293 decretum
790 1252 868 1305 esse,
890 1240 924 1292 ut
945 1232 1021 1292 nihil
1042 1254 1060 1292 a
1081 1232 1272 1308 Christianis,
1295 1236 1348 1315 qui

128 1318 261 1399 gentiles
281 1318 430 1391 fuissent,
468 1321 657 1398 exigeretur,
695 1319 753 1377 nisi
773 1324 808 1378 ut
821 1318 1017 1377 abstinerent
1038 1339 1056 1376 a
1077 1321 1233 1392 carnibus,
1270 1338 1347 1399 quae

128 1405 186 1464 diis
209 1410 312 1464 essent
339 1404 525 1477 immolatae,
554 1400 756 1482 asapgnine,
783 1423 800 1462 a
823 1421 922 1485 carne,
936 1403 1101 1464 bestiarum
1122 1403 1347 1478 suffocatarom,

129 1495 161 1548 et
183 1510 200 1548 a
222 1490 425 1562 scortatione3
463 1493 552 1567 atque
579 1488 637 1546 hoc
660 1489 781 1566 quidem
804 1489 975 1547 mandatum
997 1489 1139 1569 traditum
1162 1509 1231 1549 esse
1244 1489 1347 1551 Paulo

128 1579 161 1634 et
182 1574 354 1647 Barnabae,
390 1578 425 1633 ut
447 1593 515 1633 cum
543 1573 682 1633 ecclesiis
705 1573 837 1651 Syriacis
861 1579 891 1632 et
913 1571 1058 1632 Cilicibus
1080 1578 1348 1643 communicarent.

127 1659 174 1718 De
194 1659 349 1738 proximo,
378 1658 458 1738 quod
485 1658 611 1718 Paulum
633 1658 847 1736 Hierosolyma
876 1657 990 1716 fecisse
1012 1657 1103 1731 dicit,
1130 1658 1240 1719 itinere
1263 1658 1348 1742 (Act.
1427 1656 1432 1672 ‘

127 1741 261 1824 luet.)
289 1743 364 1802 nihil
385 1743 484 1803 Lucas
514 1745 675 1803 memoriae
697 1745 815 1822 prodit,
852 1763 941 1822 quam
964 1741 1203 1803 Christianorum
1227 1734 1348 1806 cdetum
1455 1787 1461 1802 .

126 1829 183 1888 hac
212 1831 243 1888 in
274 1830 350 1888 urbe
372 1829 526 1889 conditum
553 1828 749 1907 slsapostolo
773 1847 842 1888 esse
865 1828 1035 1888 salutatum.
1079 1827 1113 1886 ln
1135 1828 1239 1888 ultima
1259 1830 1348 1888 deni-

127 1932 188 1992 que
209 1913 403 1994 profectione
426 1910 509 1995 (ner.
524 1914 575 1986 21,
595 1911 633 1972 15
645 1911 850 1996 sqq.),-eum,
871 1913 974 1972 habito
997 1933 1066 1971 cum
1086 1911 1196 1973 lacolro
1218 1915 1348 1994 presby·-

126 1999 262 2077 terisque
279 1997 460 2078 colloquio,
497 2003 530 2059 et
552 1999 735 2058 ceremoniis
756 1999 935 2078 quibusdam
955 1997 1162 2078 ludaicis'per
1183 1999 1250 2065 dies
1265 2018 1348 2081 pau·

127 2084 266 2144 cissimos
289 2084 474 2154 observatis,
501 2084 533 2142 in
555 2082 672 2142 vincula
695 2083 797 2142 datum
820 2101 889 2142 esse
912 2087 1021 2142 narret.

211 2168 273 2227 lam
294 2187 368 2227 vcro
390 2167 562 2247 apostolum
585 2169 624 2227 de
647 2187 701 2241 eo,
729 2168 810 2248 quod
833 2168 923 2228 modo
946 2169 1261 2241 commemoravimus,
1296 2170 1348 2229 iti·

126 2268 202 2314 nere
223 2253 358 2312 locutum
383 2272 470 2326 esse,
505 2254 550 2312 uti
567 2253 645 2312 salias
667 2272 724 2332 per
746 2272 865 2326 causas,
901 2254 943 2312 ita
960 2272 1021 2332 per
1041 2253 1133 2327 illud,
1154 2273 1215 2333 quo
1238 2274 1287 2334 ep.
1309 2255 1349 2314 ad

126 2338 193 2398 Gal.
215 2339 330 2417 scripta
352 2344 411 2409 est,
432 2343 554 2416 tempus
577 2343 712 2397 statuere
735 2357 795 2397 non
817 2337 899 2398 licet.
932 2338 1012 2413 Quid
1035 2339 1116 2418 qnod
1137 2359 1176 2399 ne
1199 2341 1348 2400 seriorem
1447 2411 1461 2425 ‚

126 2423 248 2504 quidem
263 2424 565 2509 peregrinationem,
588 2443 674 2502 quam
698 2424 784 2483 cuius
805 2424 927 2483 mentio·
944 2424 980 2482 lit
1001 2424 1069 2483 Act.
1092 2443 1118 2483 c.
1134 2424 1196 2500 15,
1218 2425 1348 2504 intelligi

125 2528 229 2590 posse,
251 2514 340 2581 sunt,
357 2528 441 2588 quae
462 2508 550 2567 nobis
571 2509 784 2588 persuadeant·
828 2508 1019 2582 Omittimus,
1046 2508 1229 2584 Barnabam,
1257 2529 1348 2589 quem
1457 2560 1461 2568 .

113 2587 238 2653 'Paulus
260 2593 327 2652 Gal.
348 2593 378 2668 2,
400 2595 429 2653 1.
459 2593 578 2652 itineris
607 2593 664 2652 sibi
691 2595 835 2653 comitem
863 2593 960 2653 fnisse
987 2599 1133 2667 testatur,
1152 2595 1255 2653 -brevi
1276 2601 1349 2675 post

125 2683 244 2757 tempus
276 2679 343 2739 Act.
365 2679 383 2736 l.
406 2678 426 2737 l.
455 2679 595 2738 traditum
626 2679 662 2737 ab
691 2674 742 2738 illo
765 2679 941 2738 discessisse
964 2675 1044 2758 (Act
1071 2678 1120 2752 15,
1142 2676 1226 2760 tte),
1249 2698 1348 2759 neque

123 2763 217 2832 ullum
246 2762 371 2822 inveniri
401 2770 514 2823 certum
540 2764 717 2842 vestigium,
741 2782 778 2823 er
801 2783 859 2842 quo
881 2782 949 2823 eum
972 2762 1105 2843 apostoli
1120 2764 1150 2822 in
1173 2765 1347 2826 societatem

124 2843 253 2908 rediisse
281 2848 494 2928 discamusc);
529 2867 626 2925 neque
654 2849 732 2906 enim
754 2849 844 2921 hinc,
882 2866 950 2907 eum
978 2867 1049 2908 vere
1070 2842 1176 2927 postea
1198 2869 1346 2929 uunquam

123 2932 216 2992 Paulo
244 2933 351 2992 iterum
372 2953 417 2992 se
439 2932 617 3004 adiunxisse,
640 2933 711 2992 satis
733 2939 816 2993 certo
838 2933 1018 2994 concludere
1048 2933 1136 3005 licet,
1171 2935 1229 2995 lroc
1259 2955 1347 3014 urge-

124 3037 199 3090 mus,
222 3018 301 3097 quod
316 3018 442 3097 apostoli
457 3016 524 3077 Gal.
540 3016 649 3093 2,,1-
660 3019 690 3077 9.
705 3018 861 3096 agnovisse
882 3019 1027 3091 dicuntur,
1049 3017 1183 3078 Paulum
1199 3029 1231 3080 et
1246 3019 1348 3080 Bern.

125 3121 146 3160 u
160 3102 227 3161 Dee
244 3121 323 3183 proc
345 3103 457 3163 ceteris
479 3102 664 3163 constitutos
686 3122 753 3163 esse
773 3103 938 3182 gentilium
960 3102 1108 3164 dortmec
1136 3103 1169 3163 ld
1191 3107 1269 3164 enim
1292 3105 1346 3178 illi,

126 3185 285 3248 nisi·lortc
306 3188 364 3247 iam
386 3188 469 3266 prius
491 3196 719 3267 perspexerant,
739 3195 958 3268 non-poterant
979 3190 1048 3268 quin
1070 3195 1132 3247 tum
1155 3196 1238 3249 certe
1259 3188 1348 3249 intel-

124 3270 268 3350 ligerent,
299 3292 393 3352 quum
408 3273 445 3333 lri.
462 3273 607 3334 duumviri
619 3291 665 3332 ‘cx
686 3293 793 3354 magno
814 3275 888 3346 isto,
911 3275 990 3353 quod
1012 3274 1085 3334 Act·
1102 3291 1145 3334 cc.
1169 3273 1219 3337 13.
1241 3281 1272 3332 et
1294 3274 1346 3334 141

123 3417 321 3439 ..Μ-ι-

192 3503 220 3570 c)
237 3504 331 3572 Neque
356 3509 427 3558 enim
453 3520 525 3560 reete
549 3527 610 3562 cum
637 3511 838 3563 Holmauuc
861 3511 909 3577 (ed
932 3511 1008 3562 Pritii
1034 3508 1135 3562 iutrod.
1154 3521 1203 3561 etc.
1228 3528 1255 3578 p.
1276 3504 1347 3571 2602)

193 3571 305 3639 aliisque
325 3592 355 3624 ⁶0
373 3578 569 3644 provocaveris,
588 3579 661 3646 quod
679 3580 795 3642 Marcus,
815 3581 890 3630 cuius
910 3597 987 3630 cause
1004 3579 1086 3629 Barn.
1105 3597 1119 3629 a
1140 3575 1225 3628 Paulo
1244 3576 1346 3628 disces·

190 3652 262 3691 serat
280 3640 354 3707 (Act.
368 3648 410 3710 15,
423 3645 560 3707 itt-40.)
579 3648 665 3698 serius
683 3646 772 3699 denuo
790 3650 861 3698 inter
877 3648 953 3698 Pauli
971 3649 1058 3698 socios
1075 3658 1198 3717 receptus
1217 3657 1255 3696 est
1272 3642 1346 3711 (Col.

190 3709 216 3770 4,
231 3714 271 3761 1⁰·
290 3709 401 3763 Phileto.
413 3717 455 3763 23.
474 3717 492 3762 2
503 3713 576 3763 Tim.
589 3718 615 3775 4,
631 3714 701 3781 11),
720 3717 823 3785 quippe
835 3733 889 3784 qua
907 3735 940 3766 ex
958 3734 987 3767 re
1005 3715 1056 3768 hcc
1074 3733 1159 3777 unum
1175 3732 1229 3771 uon
1248 3715 1346 3763 imme-

190 3778 243 3826 rito
255 3776 380 3828 concludi
392 3781 485 3847 possit,
501 3780 688 3837 Paulumeum
696 3783 817 3834 Bernaba
832 3783 1032 3835 reconciliatum
1048 3801 1113 3837 esse.
1134 3784 1228 3850 Neque
1240 3780 1342 3832 Koeh·

190 3843 267 3895 lero
286 3848 453 3910 assentimur,
472 3851 529 3917 qui,
548 3852 612 3918 quia
631 3849 705 3914 lraec,
725 3869 793 3920 quse
811 3853 840 3902 Ρ.
858 3849 948 3906 1001.
965 3858 991 3912 ll,
1012 3856 1052 3906 11.
1072 3855 1113 3904 12.
1140 3853 1177 3903 ita
1196 3848 1293 3914 tradit,
1317 3858 1347 3897 ut

189 3911 283 3963 f⁰¹¹¹¹i⁰
300 3923 394 3964 ”³⁸²¹st
410 3918 514 3983 Primii
531 3936 661 3986 Pflrwnflfl
677 3919 837 3988 Μω.01111.
852 3915 1256 3991 (ἡμεῖς-ἒσπείραμενοῐᾳ.ε.
1274 3914 1346 3983 rel),

188 3988 370 4051 1101118111.
384 3981 569 4051 (1111111011,ἣ
586 3981 696 4054 μόνος
714 3986 800 4057 ἐγώ,
819 3987 895 4052 dicit,
913 3989 976 4040 καὶ
992 3984 1180 4054 Βαρνάβας
1198 3983 1248 4038 οὐκ
1265 3984 1347 4051 ἔχο-

188 4063 253 4116 tm'
272 4048 399 4109 ἶέῡυσίαν
415 4053 464 4105 τοῦ
505 4052 520 4118 ὴ
540 4050 741 4122 ἐργάζεσθαις)
762 4056 796 4108 de
811 4057 935 4126 apostolo
952 4069 979 4108 et
1001 4055 1123 4113 Bernaba
1147 4054 1226 4106 simul
1242 4050 1347 4102 iutelli-

189 4114 276 4181 genda
297 4135 352 4167 esse
370 4130 457 4188 putat,
500 4121 625 4171 eruebam
648 4141 702 4172 una
720 4141 780 4172 cum
796 4122 843 4173 illo
861 4122 983 4175 Corinthi
1002 4126 1089 4192 prima
1107 4121 1246 4170 doctrinae
1264 4117 1348 4171 Chri-

188 4183 289 4233 stisure
307 4186 407 4236 semiue
424 4189 551 4255 sparsisse
569 4188 715 4238 arbitratur
727 4188 885 4257 (ep.Sclu.p.
894 4191 956 4256 ll.).
973 4189 1096 4257 Namque
1109 4199 1137 4238 et
1147 4186 1262 4238 Paulum
1273 4183 1347 4236 haud

189 4266 250 4300 raro
268 4249 367 4304 formas
391 4253 468 4317 illas,
486 4253 534 4304 ubi
553 4254 587 4307 de
605 4273 632 4306 se
650 4255 709 4308 solo
729 4258 796 4322 agit,
816 4274 945 4326 usurpare
963 4268 1066 4307 constat
1083 4256 1121 4319 (v.
1139 4254 1244 4306 Scluo
1256 4263 1292 4304 tr
1304 4270 1346 4304 ur

187 4317 217 4368 ln
235 4317 344 4386 inagis
362 4339 424 4391 epp.
442 4321 477 4371 ad
496 4320 590 4373 Thess.
609 4342 636 4393 p.
650 4329 682 4376 18
694 4341 733 4391 sq.
752 4335 779 4374 et
796 4325 825 4374 iu
842 4324 874 4378 l.:
893 4323 1018 4374 Annaleu
1037 4323 1065 4374 d.
1084 4341 1137 4391 ges.
1159 4323 1255 4376 Theol.
1269 4327 1345 4386 1833,

189 4390 215 4450 1,
236 4389 260 4447 l,
278 4404 306 4455 P·
325 4393 358 4439 56
375 4393 472 4459 sqq),
504 4407 592 4460 neque
622 4386 653 4442 ea
683 4403 723 4442 est
751 4391 877 4444 versiculi
901 4398 942 4445 li.
972 4409 1032 4442 cum
1052 4397 1077 4444 6.
1109 4392 1296 4454 cohaerentia,
1317 4400 1347 4440 ut

187 4456 285 4504 rectius
313 4464 465 4524 apostolum
488 4457 522 4510 de
548 4477 576 4510 se
599 4471 626 4510 et
649 4460 742 4524 Baru.‚
769 4479 849 4529 quam
878 4459 913 4511 de
929 4477 957 4510 se
986 4459 1043 4511 solo
1068 4459 1167 4512 dixisse
1190 4472 1345 4511 statuemus.

126 4579 131 4589 .
188 4522 240 4583 ‘4⁰³
260 4521 334 4590 q¹¹⁰d
351 4528 533 4592 grivlfllmum
553 4539 601 4592 est,
621 4546 671 4598 per
687 4546 728 4593 ea,
748 4547 818 4597 quse
835 4527 898 4582 Act.
918 4532 960 4592 18,
979 4533 1084 4582 l-lt.
1105 4539 1131 4580 et
1149 4526 1240 4580 2001.
1259 4530 1283 4587 1,
1304 4530 1345 4577 19.

186 4587 328 4708 Ῑθὲξῡῡῑῑῑῑ.
367 4611 402 4644 ne
425 4594 491 4647 licet
517 4596 626 4666 quidem
651 4596 801 4648 Bmuebm
829 4596 922 4667 primis
952 4593 1152 4655 Corinthiorum
1190 4592 1346 4647 doctoribus
1418 4616 1422 4624 ·

188 4673 204 4706 θ
225 4675 377 4716 Umerus·
395 4688 430 4725 :-
479 4661 620 4726 Ceterum
634 4662 670 4720 cf.
700 4664 906 4726 schottus
935 4665 1131 4733 (Erocrterung
1154 4673 1204 4716 eto.
1230 4680 1261 4732 p.
1278 4661 1345 4729 61).
